2132 3588
513 206 710 256 Glosses
743 224 808 256 οη
844 207 920 255 the
961 206 1238 256 Garlsruke
1273 207 1435 258 Beda.
1754 215 1814 259 13

127 345 248 388 sidus
264 351 332 388 est
346 352 503 389 natura
516 346 708 402 gelidum
726 346 856 388 XXX
870 347 996 389 annis
1009 346 1261 403 signiferum
1281 362 1502 404 peragens,
1563 348 1817 390 Nouissima

129 403 233 446 luna
262 404 439 446 XXVII
466 404 620 447 diebus
648 410 693 447 et
720 404 852 447 tertia
884 404 971 447 diei
1002 411 1126 461 parte
1157 405 1412 462 signiferum
1444 406 1685 457 conficiens,
1713 406 1812 448 dein

129 468 297 504 morata
326 462 372 504 in
402 462 519 505 coitu
551 462 651 504 solis
681 462 833 505 biduo¹
865 478 949 505 non
981 478 1212 519 conparere
1243 463 1289 504 in
1320 463 1449 506 caelo.

217 520 376 575 [XIV]
530 521 596 562 De
647 520 873 576 apsidibus
923 536 1083 563 earum.
1168 521 1283 564 Sunt
1335 527 1484 564 autem
1537 522 1605 564 sui
1657 522 1814 579 cuique

76 590 96 622 5
128 578 402 635 planetarum
441 578 589 620 circuli
625 594 732 635 quos
769 578 922 621 Graeci
957 579 1151 635 apsidas²
1185 579 1231 621 in
1272 579 1410 622 stellis
1449 586 1620 627 uocant,
1655 580 1815 637 aliique

128 650 259 692 quam
281 636 455 685 mundo,
476 636 678 693 quoniam
702 642 818 680 terra
837 652 863 679 a
885 637 1125 679 uerticibus
1145 637 1325 687 duobus,
1347 652 1454 694 quos
1481 638 1815 694 appellauerunt

129 694 276 750 pollos‚
297 699 494 736 centrum
512 694 620 737 caeli
642 700 720 745 est,
742 710 909 737 necnon
930 700 976 736 et
996 695 1191 752 signiferi
1213 701 1280 737 est
1309 695 1474 752 obliqui
1500 696 1616 738 inter
1636 711 1708 738 eos
1728 696 1814 738 siti.

130 751 292 794 Omnia
325 757 475 795 autem
511 752 618 795 haec
653 759 854 795 constant
889 753 1058 795 ratione
1093 752 1312 795 circinnii³
1347 768 1518 810 semper
1553 753 1813 797 indubitata.

130 809 244 867 Ergo
265 810 321 852 ab
341 811 426 852 alio
446 810 603 867 cuique
624 818 772 853 centro
793 811 965 868 apsides
985 826 1089 853 suae
1111 817 1387 868 exsurgunt⁴:
1418 812 1601 869 ideoque
1622 812 1815 854 diuersos

70 884 112 907 10
130 867 294 910 habent
310 868 434 911 orbes
450 875 680 925 motusque
697 869 918 911 disimiles.
981 869 1197 922 Quoniam
1214 869 1440 912 interiores
1457 870 1628 925 apsidas
1642 885 1814 913 necesse

129 931 196 968 est
226 926 446 969 breuiores
476 932 612 970 esse⁶z
655 927 794 983 igitur
824 943 848 969 a
881 933 1021 970 terrae
1052 935 1202 970 centro
1229 927 1401 984 apsides
1428 928 1668 971 altissimae
1698 935 1814 979 sunt,

129 983 321 1026 Saturno
351 984 396 1026 in
429 985 649 1041 scorpione
681 991 760 1027 etc.

219 1042 446 1097 [XXVIIJ.
630 1043 747 1085 Ordo
798 1050 1041 1085 uentorum.
1122 1043 1370 1086 Uentorum
1424 1056 1522 1087 .1111.
1575 1044 1814 1087 cardinales
1832 1055 1941 1088 f.19o

128 1106 243 1150 sunt,
291 1115 474 1157 quorum
526 1100 692 1157 primus
745 1101 998 1158 Septentrio
1044 1101 1120 1158 qui
1168 1107 1214 1143 et
1261 1102 1482 1157 Aparcias‚
1524 1103 1620 1145 flat¹
1668 1109 1814 1145 rectus

71 1175 110 1208 15
128 1158 184 1200 ab
204 1173 295 1209 axe,
317 1159 477 1200 faciens
499 1159 657 1216 frigora
687 1165 731 1201 et
760 1160 920 1211 nubes3
953 1159 1073 1201 huic²
1101 1160 1255 1202 dexter
1276 1160 1445 1204 Circius
1465 1161 1541 1218 qui
1563 1166 1608 1203 et
1629 1161 1813 1213 Tracias,

128 1216 289 1259 faciens
316 1217 441 1259 niues
469 1224 513 1259 et
540 1217 797 1274 grandines;
827 1233 853 1258 a
881 1217 1088 1260 sinistris³
1116 1218 1287 1274 Aquilo,
1308 1219 1384 1274 qui
1412 1224 1457 1261 et
1487 1220 1656 1269 Boreas,
1676 1219 1814 1262 nubes

128 1274 438 1332 constringens.

217 1333 464 1388 [XXXIXJ.
527 1333 595 1375 De
636 1339 759 1375 aestu
800 1333 950 1376 ociani.
1011 1334 1174 1376 Aestus
1219 1334 1359 1376 ociani
1407 1335 1555 1377 lunam
1604 1336 1813 1392 sequitur,
1833 1352 1857 1383 f.
1874 1351 1946 1383 20b

129 1396 338 1447 tanquam
359 1391 453 1434 eius
473 1391 736 1448 aspiratione
756 1397 990 1433 retrorsum
1014 1392 1225 1442 trahatur,
1239 1392 1419 1448 eiusque
1434 1393 1609 1449 inpulsu
1627 1400 1815 1437 retracto

70 1465 113 1487 ἰο
129 1449 386 1492 refundatur
417 1450 493 1506 qui
526 1449 721 1506 quotidie
752 1450 821 1491 bis
847 1450 1008 1491 afluere
1041 1456 1085 1491 et
1116 1450 1298 1492 remiare
1325 1450 1457 1493 unius
1486 1466 1656 1508 semper
1685 1453 1815 1495 horae

129 1507 339 1550 dodrante
370 1513 416 1550 et
446 1507 684 1549 semiuncia
714 1507 946 1549 transmisa
980 1508 1169 1558 uidetur,
1199 1508 1378 1565 eiusque
1414 1510 1554 1551 omnis
1589 1525 1739 1553 cursus
1770 1511 1815 1553 in

130 1565 322 1608 ledones¹
344 1572 389 1608 et
411 1566 614 1608 malinas²
634 1566 677 1607 id
701 1572 767 1608 est-
789 1566 835 1607 in
857 1565 1044 1607 minores
1065 1567 1213 1608 aestfis
1233 1566 1448 1609 diuiditur
1469 1573 1513 1610 et
1535 1568 1580 1609 in
1602 1569 1794 1611 maiores.

219 1666 255 1706 1.
315 1663 449 1706 biduo
470 1664 506 1706 .i.
529 1664 708 1706 allaithe
735 1664 989 1707 fidedenach
1017 1664 1126 1706 diud
1152 1665 1367 1707 noicktich
1390 1678 1415 1718 7
1431 1665 1584 1721 phrim
1604 1667 1814 1709 archiunn
1833 1677 1858 1707 f.
1879 1676 1952 1708 1811

130 1722 178 1764 rl.
298 1724 335 1764 2.
395 1738 549 1765 nomen
569 1722 729 1765 dunaib
750 1723 999 1765 erdomnaib
1020 1722 1128 1764 imbot
1156 1723 1354 1765 indo'cbdl
1371 1723 1602 1779 frisarind
1626 1725 1815 1768 absidias

72 1799 111 1829 25
132 1780 168 1822 .i.
185 1780 364 1823 circulos
380 1781 417 1823 .i.
427 1781 582 1837 fabith
603 1781 812 1836 donyniat
833 1781 965 1823 cero-ol
985 1780 1250 1823 ocondocbdil
1372 1785 1408 1824 3.
1460 1782 1497 1824 .i.
1511 1782 1643 1837 yabal
1659 1784 1764 1826 rind
1784 1786 1813 1826 1.

130 1838 300 1924 άίαΐὴξε
401 1841 439 1881 4.
485 1839 696 1882 cotaocbat
815 1842 851 1881 5.
904 1838 967 1893 [in
986 1839 1135 1895 marg]
1153 1838 1288 1881 huare
1303 1840 1354 1881 nt
1369 1840 1417 1881 in
1428 1840 1506 1882 o'en
1522 1840 1705 1884 diaitkir
1718 1843 1814 1885 doib

217 1931 362 1973 'salua
388 1930 556 1973 ratione
584 1930 723 1972 saltus
745 1930 780 1972 .i.
805 1930 931 1987 quasi
959 1930 1142 1972 dixisset
1169 1937 1275 1973 testa
1301 1931 1378 1973 so'n
1406 1931 1522 1974 dano
1543 1932 1815 1990 dincrichtiyi
1832 1940 1855 1972 f.
1879 1939 1971 1981 181kd

131 1989 294 2031 lasindi
322 1989 454 2031 kudir
480 1989 583 2031 deae
611 1988 646 2030 .i.
668 1989 786 2045 suar
815 1989 926 2031 salto
958 1989 1110 2031 ascach
1140 1989 1217 2030 o'en
1245 2004 1355 2032 (εὸσα
1379 1990 1415 2032 ,1.
1441 1991 1574 2033 cethir
1601 1991 1759 2035 brottae
1787 2005 1812 2047 7

130 2047 317 2090 alarann
337 2047 439 2090 deac
459 2047 590 2090 brotto
611 2053 657 2089 et
680 2047 872 2089 VIImad
892 2062 1006 2088 rann
1026 2047 1261 2090 aetiam-chat
1281 2048 1366 2090 aila·
1385 2048 1488 2091 deae
1508 2049 1639 2092 brotto

71 2126 114 2158 30
221 2108 257 2148 1.
320 2105 358 2147 .i.
391 2105 581 2147 antimid
614 2105 900 2148 cachndiwuch
1047 2107 1084 2146 2.
1145 2105 1182 2146 .i.
1204 2105 1396 2161 forldim
1428 2106 1519 2149 deis
1550 2109 1815 2152 aniartmid
1833 2121 1942 2153 f.19o

130 2163 441 2220 donprimydid
456 2162 547 2205 biid
567 2163 722 2205 circius
840 2165 877 2204 3.
930 2162 966 2204 .i.
977 2162 1169 2218 forlaim
1186 2163 1277 2205 chlo?
1289 2164 1548 2207 anaivrudid
1563 2166 1653 2209 biid
1669 2167 1814 2224 aquilo

222 2225 256 2264 l.
317 2222 354 2264 .i.
386 2221 676 2264 hicontrdchtu
796 2223 832 2262 2.
894 2221 931 2263 .i.
963 2220 1202 2263 hirobartai
1833 2221 1857 2253 f.
1877 2221 1948 2253 20b

216 2319 251 2356 l.
308 2317 430 2357 biduo
448 2319 510 2357 i.e.
532 2318 603 2356 the
621 2318 702 2356 last
720 2318 800 2368 day
818 2323 862 2355 at
880 2318 952 2355 the
970 2317 1047 2356 end
1068 2318 1113 2355 of
1126 2317 1197 2356 the
1216 2318 1357 2356 month
1374 2318 1417 2356 of
1434 2321 1701 2370 twenty—nine
1716 2322 1814 2373 days
1834 2332 1858 2364 f.
1877 2332 1946 2364 18d

131 2372 213 2411 and
232 2373 303 2410 the
322 2373 410 2410 first
429 2372 636 2423 following
655 2377 728 2411 etc.
843 2373 877 2409 2.
927 2386 1072 2409 nomen
1090 2372 1154 2410 for
1173 2372 1244 2410 the
1262 2372 1410 2422 depths
1418 2371 1490 2423 (θ’)
1504 2374 1679 2413 wherein
1695 2376 1729 2414 is
1744 2377 1815 2415 the

74 2433 114 2465 35
134 2427 279 2477 rising⁰
297 2439 352 2477 up
371 2431 415 2464 to
433 2427 504 2464 the
523 2426 804 2465 constellation
813 2424 840 2464 ¹¹.
899 2426 1098 2473 Absidiait,
1120 2426 1180 2465 i.e.
1199 2427 1376 2473 circulos,
1394 2426 1561 2466 because
1582 2429 1678 2480 they
1699 2431 1816 2469 make

131 2494 157 2519 a
194 2480 313 2519 circle
349 2481 391 2518 in
424 2481 501 2518 ‘the
538 2481 674 2531 rising.
862 2481 896 2518 3.
956 2481 1018 2520 i.e.
1057 2493 1081 2517 a
1118 2481 1206 2530 pair
1243 2480 1286 2518 of
1322 2494 1557 2531 compasses,
1590 2496 1636 2521 or
1672 2485 1811 2524 orbits.

133 2537 169 2574 4.
228 2534 326 2585 they
345 2535 506 2585 upraise
525 2534 776 2573 themselves.
889 2534 925 2572 5.
983 2534 1152 2572 because
1172 2534 1269 2585 they
1288 2548 1357 2572 are
1375 2539 1449 2573 not
1467 2536 1511 2573 in
1530 2549 1606 2575 one
1625 2537 1744 2576 orbit.

213 2589 275 2628 i.e.
305 2589 423 2638 quasi
451 2588 621 2636 dimissa,
646 2589 740 2635 this,
770 2588 881 2634 then,
909 2588 944 2625 is
973 2589 1156 2638 wanting
1184 2592 1227 2626 to
1255 2588 1327 2627 the
1354 2589 1460 2627 solar
1488 2591 1630 2628 month
1659 2591 1816 2631 besides
1834 2597 1859 2628 f.
1878 2595 1970 2638 183d

132 2643 204 2681 the
229 2643 375 2681 twelve
403 2643 555 2690 hours⁶‚
580 2643 642 2680 i.e.
671 2647 716 2680 to
744 2642 825 2680 find
853 2656 877 2680 a
903 2642 992 2692 leap
1017 2646 1090 2680 out
1115 2642 1158 2680 of
1185 2655 1305 2693 every
1328 2642 1447 2680 lunar
1475 2645 1628 2692 month,
1657 2649 1701 2684 to
1731 2648 1813 2693 wit,

73 2709 116 2740 4ο
132 2697 225 2736 four
249 2701 447 2735 moments
473 2697 551 2734 and
579 2697 649 2735 the
674 2696 837 2735 twelfth
862 2702 956 2747 part
983 2696 1026 2735 of
1053 2710 1078 2733 a
1106 2701 1285 2734 moment
1313 2697 1394 2735 and
1423 2697 1493 2736 the
1521 2698 1815 2751 forty-seventh

132 2756 227 2802 part
254 2751 297 2789 of
326 2752 395 2790 the
423 2751 586 2789 twelfth
614 2755 708 2802 part
736 2751 779 2788 of
806 2764 831 2788 a
858 2755 1047 2789 moment.

218 2806 251 2843 1.
308 2806 370 2844 i.e.
392 2805 568 2855 straight
586 2805 688 2843 from
709 2805 780 2843 the
799 2805 932 2844 north.
1115 2805 1147 2842 2.
1207 2805 1269 2843 i.e.
1291 2818 1343 2843 on
1363 2806 1433 2844 the
1452 2807 1563 2858 right
1582 2808 1691 2847 hand
1711 2810 1815 2848 from
1835 2815 1859 2847 f.
1878 2816 1943 2848 190

133 2859 204 2898 the
222 2859 460 2897 north-west
478 2859 522 2897 of
540 2859 609 2897 the
628 2859 735 2897 chief
753 2859 861 2896 wind
881 2859 916 2896 is
937 2858 1104 2898 Circius.
1275 2860 1309 2897 3.
1368 2860 1428 2898 i.e.
1451 2874 1503 2899 on
1522 2862 1592 2900 the
1612 2863 1688 2901 left
1706 2863 1816 2902 hand

133 2914 235 2952 from
266 2913 337 2952 the
365 2914 588 2952 north-east
615 2914 650 2951 is
678 2913 835 2962 Aquilo.

74 2972 115 3004 45
219 2969 251 3008 1.
309 2969 371 3006 i.e.
402 2968 491 3006 into
518 2967 726 3006 ebb-tides.
842 2968 876 3005 2.
935 2967 996 3005 i.e.
1028 2967 1116 3004 into
1145 2966 1379 3006 flood-tides.
1834 2976 1856 3009 f.
1877 2977 1950 3009 20b

198 3042 214 3058 ⁸
236 3037 334 3069 Inter
349 3037 407 3069 fol.
426 3038 467 3069 18
482 3040 518 3069 et
534 3038 574 3071 19
591 3037 733 3069 chartae
748 3047 924 3077 resegmen
941 3036 1098 3068 insutum
1113 3039 1177 3074 est,
1195 3036 1286 3076 quod
1303 3037 1345 3070 ab
1361 3038 1482 3070 eadem
1494 3049 1602 3072 manu
1614 3042 1812 3083 recentiore,

134 3091 222 3121 quae
235 3080 318 3112 folia
329 3080 437 3112 totius
449 3080 579 3112 codicis
590 3080 727 3112 numeri
739 3080 859 3112 ordine
872 3080 1028 3120 notabat,
1043 3081 1105 3121 1825
1119 3080 1286 3120 signatur.
1324 3081 1376 3112 Ad
1386 3081 1480 3114 hunc
1492 3083 1607 3115 locum
1618 3084 1707 3116 nihil
1719 3086 1814 3125 facit,

135 3123 196 3156 sed
211 3123 359 3165 pertinet
375 3124 419 3156 ad
434 3124 581 3156 eundem
597 3124 752 3156 libellum
769 3123 1063 3163 chronologicum,
1079 3123 1124 3155 ad
1140 3133 1242 3164 quem
1257 3125 1405 3165 amplior
1420 3126 1556 3158 notatio
1572 3127 1761 3161 Hibernica
1777 3130 1815 3161 in

134 3167 236 3199 initio
251 3166 380 3199 codicis
397 3167 470 3210 (fol.
487 3167 555 3209 3⁰¹¹)
573 3167 708 3208 legitur.
756 3167 948 3199 Verborum
964 3166 1233 3198 Hibernicorum
1249 3169 1357 3199 cethir
1373 3170 1500 3201 brottae
1517 3170 1557 3201 rl.
1575 3170 1816 3212 interpretatio

134 3210 264 3243 Latina
285 3210 376 3242 ‘IIII
396 3213 575 3242 momenta
597 3222 614 3252 7
637 3210 842 3242 duodecima
861 3220 942 3251 pars
962 3210 1068 3241 unius
1089 3210 1256 3242 momenti
1274 3234 1282 3242 .
1300 3211 1375 3242 XL·
1393 3212 1474 3243 VII·
1493 3223 1574 3254 pars
1597 3214 1816 3249 duodecimae

134 3254 245 3296 partis
262 3253 448 3286 momenti’
465 3253 510 3285 ab
525 3253 594 3285 alia
610 3264 719 3285 manu
735 3253 910 3294 adscripta
924 3253 1189 3285 est.—Zimmer
1300 3253 1315 3274 ¹>
1337 3255 1486 3295 perhaps
1502 3256 1560 3289 the
1579 3258 1816 3292 ‘altitudines‘

135 3298 171 3330 of
185 3297 287 3339 Pliny
361 3303 374 3317 ⁰
396 3298 458 3329 ind
473 3298 569 3329 dcbdl
646 3296 662 3316 ‘¹
684 3297 727 3329 cf.
742 3297 856 3338 Pliny,
872 3297 952 3329 Nat.
966 3297 1061 3328 Hist.
1075 3306 1103 3328 11
1117 3296 1158 3328 16
1238 3302 1251 3317 ⁰
1274 3307 1331 3330 see
1346 3298 1405 3330 the
1414 3302 1494 3332 note
1505 3300 1612 3333 above
1625 3311 1670 3333 on
1683 3302 1742 3334 fol.
1754 3304 1818 3335 3⁰³¹
