2132 3588
68 2086 96 2119 f.
118 2083 190 2116 33d

72 2359 95 2391 f.
114 2360 156 2391 33
167 2369 185 2390 c

69 2403 251 2436 continued

117 2592 187 2625 33d

75 2807 99 2838 f.
118 2807 160 2838 33
171 2815 189 2837 c

74 2850 256 2882 continued

77 3029 104 3062 f.
120 3027 191 3060 33d

275 190 337 233 22
617 180 985 231 Non-Biblical
1025 181 1222 231 Glosses
1257 180 1365 230 and
1401 178 1622 229 Scholia.

274 326 481 368 trionem2
509 325 657 368 solaris
688 340 862 367 occasus
889 340 1090 367 occasura
1117 330 1195 376 est,
1218 324 1425 366 nimirum
1453 338 1540 364 non
1569 322 1706 372 iuxta,
1731 319 1805 362 sed
1835 333 1968 374 supra

276 385 410 427 solem
438 384 524 426 sita
551 390 630 434 est,
651 399 736 440 quo
763 384 967 426 inferiora
996 383 1089 426 eius
1120 383 1382 432 illustrante,
1407 380 1607 437 aequalia
1635 394 1775 436 poene
1806 390 1968 420 cornua

276 443 526 485 ostenderea
566 448 611 484 et
651 442 791 484 instar
830 442 957 484 nauis
997 442 1150 498 sopina
1190 441 1253 483 ire
1298 440 1487 482 uidetur.
1547 439 1610 480 At
1650 451 1823 480 reuerso
1869 439 1968 491 post

276 501 513 544 solstitium
535 500 755 542 aestiuum
776 500 831 542 ad
854 500 1055 542 inferiora
1083 505 1128 542 et
1153 499 1362 541 australia
1382 513 1510 540 cursu
1533 497 1647 547 solis,
1669 496 1774 538 luna
1795 507 1968 550 quoque

276 560 363 602 illis
384 565 490 601 nata
517 559 752 609 mensibus,
773 558 829 600 ad
857 558 1060 600 inferiora
1087 573 1260 600 cursum
1287 557 1439 599 tendat
1463 570 1634 598 necesse
1656 559 1748 596 est:
1780 551 1896 595 unde
1918 551 1970 593 fit
2008 565 2027 596 5

279 623 329 660 ut
370 633 482 673 quae
523 617 578 658 ad
620 617 855 658 australem
897 622 1067 673 partem
1109 616 1221 666 solis,
1258 615 1335 671 qui
1375 614 1590 657 occiderat
1631 626 1834 655 occasura
1879 614 1970 652 est:

279 677 442 733 absque
474 675 563 717 ulla
593 675 822 717 dubietate
852 690 950 717 cum
983 675 1143 731 primo³
1174 680 1272 730 post
1303 687 1501 715 occasum
1532 671 1634 714 solis
1664 675 1857 726 apparet,
1884 683 1971 710 11011

280 735 367 777 iam
409 749 540 790 supra
585 733 735 775 illumb
783 732 859 775 sed
906 733 1031 775 iuxta
1071 733 1197 774 illum
1238 732 1293 774 ad
1335 731 1560 773 meridiem
1600 729 1743 785 posita
1783 726 1971 769 uidetur.

280 794 430 849 Atque
465 792 562 833 ideo
597 791 861 847 aquilonalia
896 791 989 833 eius
1025 791 1163 833 latera
1194 791 1281 832 sole
1314 795 1568 846 aspectante
1601 787 1795 830 cernitur
1827 789 1972 827 erecta

281 851 505 908 progredi:
547 865 718 905 semper
748 850 866 891 enim
898 850 1001 891 luna
1031 850 1196 891 auersis
1227 864 1252 890 a
1283 848 1371 890 sole
1403 846 1617 896 cornibus,
1641 844 1873 887 rotundam
1903 842 1972 885 sui
1995 858 2035 882 1ο

281 916 451 966 partem
482 908 636 965 pandit
667 909 719 949 ad
754 908 889 958 illum,
920 908 1044 950 cuius
1080 907 1229 949 ordine
1265 906 1448 948 rationis
1483 905 1640 962 agitur,
1673 909 1723 946 ut
1759 917 1845 958 quo
1880 901 1973 944 dies

284 969 492 1024 longuior,
534 982 584 1008 eo
631 967 690 1008 sit
738 967 843 1008 luna
889 981 1004 1008 noua
1052 965 1259 1008 excelsior
1299 970 1345 1007 et
1386 979 1471 1020 quo
1518 962 1691 1005 breuior
1737 966 1870 1017 atque
1916 959 1974 1002 ad

283 1026 509 1068 meridiem
551 1025 758 1066 decliuior
799 1030 866 1066 est
906 1024 1011 1074 dies,
1047 1039 1096 1066 eo
1138 1023 1364 1066 deiectior⁴
1403 1037 1519 1064 noua
1559 1021 1664 1063 luna
1711 1024 1968 1062 cernatur...

285 1084 447 1126 Eadem
470 1083 581 1125 ratio
603 1088 669 1125 est
697 1083 829 1124 etiam
859 1083 987 1124 lunae
1015 1082 1304 1124 decrescentis
1332 1096 1465 1137 quare
1492 1079 1732 1122 matutin0⁵
1751 1078 1797 1120 in
1820 1082 1973 1119 exortu

284 1158 400 1184 nunc
421 1147 575 1184 exortu
601 1146 756 1191 erecta,
777 1156 894 1183 nunc
921 1141 1074 1197 sopina
1102 1146 1263 1197 pareat.
1326 1139 1489 1181 Eadem
1519 1153 1596 1180 cur
1622 1136 1835 1179 interdiuss
1861 1150 1974 1191 saepe
1997 1151 2035 1184 15

286 1216 419 1257 prona
451 1200 678 1256 procedat:
715 1200 762 1241 ni
796 1199 955 1241 mirum
989 1199 1088 1241 solis
1122 1214 1216 1241 eam
1253 1198 1383 1240 radiis
1413 1197 1633 1254 superiore
1665 1211 1717 1238 ex
1751 1195 1842 1237 loco
1878 1199 1974 1236 tan-

284 1259 536 1316 guentibus
597 1258 696 1300 Non
730 1273 830 1314 ergo
863 1258 992 1299 lunae
1029 1258 1264 1307 conuersio,
1295 1271 1407 1313 quae
1442 1255 1657 1297 naturalis
1693 1259 1760 1296 est
1795 1258 1841 1296 et
1878 1253 1976 1303 fixa,

285 1324 431 1374 potest
459 1316 597 1358 futuri
625 1316 786 1358 mensis
814 1316 1090 1372 portendere⁷
1115 1321 1293 1366 statum,
1315 1315 1391 1357 sed
1420 1315 1494 1370 qui
1523 1312 1680 1356 curiosi
1701 1318 1805 1355 sunt
1825 1311 1975 1353 huius-

287 1376 404 1418 modi
431 1390 587 1425 remm,
610 1374 762 1416 coloris
791 1375 862 1416 uel
891 1375 985 1416 eius
1014 1375 1084 1416 uel
1113 1375 1214 1416 solis
1242 1374 1313 1416 uel
1343 1373 1449 1415 caeli
1478 1372 1615 1429 ipsius
1643 1376 1721 1413 aut
1750 1370 1975 1412 stellarum

286 1435 380 1477 siue
417 1433 601 1476 nubium
639 1433 891 1482 motatione,
922 1433 993 1475 uel
1029 1433 1126 1475 aliis
1162 1432 1431 1488 quibuslibet
1467 1430 1641 1473 indiciis
1671 1444 1773 1485 sepe
1808 1433 1973 1470 statum
1997 1442 2040 1465 20

287 1493 403 1536 ueris
434 1492 510 1548 qui
540 1491 598 1533 sit
629 1492 804 1533 futurus
840 1492 1078 1547 explorant.
1140 1491 1343 1547 Denique
1374 1490 1524 1532 lunam
1555 1493 1768 1545 quartam,
1799 1486 1836 1528 si
1867 1501 1978 1543 pura

286 1551 431 1602 fuerit,
471 1565 612 1605 neque
661 1549 848 1591 obtusis8
895 1550 1108 1600 cornibus,
1153 1549 1255 1592 dare
1302 1548 1480 1605 reliquis
1529 1547 1684 1589 diebus
1734 1560 1871 1601 usque
1921 1544 1976 1586 ad

286 1615 488 1653 exactum
512 1623 705 1650 mensem
727 1608 938 1650 indicium
960 1608 1210 1650 serenitatis
1231 1607 1488 1650 existimant
1510 1612 1555 1648 et
1577 1610 1722 1647 cetera
1742 1603 1860 1646 talia.

376 1667 539 1710 XXVI.
621 1666 721 1718 Qua
770 1666 937 1708 ratione
988 1667 1104 1717 luna,
1151 1681 1247 1708 cum
1301 1666 1358 1708 sit
1408 1665 1496 1707 situ
1548 1663 1736 1713 inferior,
1782 1660 1980 1718 superior

288 1727 377 1769 sole
417 1724 678 1781 aliquotiens
719 1725 908 1767 uidetur.
982 1725 1076 1766 Nee
1118 1724 1265 1766 mirari
1307 1739 1414 1780 opus
1455 1728 1533 1773 est,
1569 1737 1669 1764 cum
1710 1721 1859 1763 lunam
1900 1734 1979 1776 per
1999 1733 2039 1764 25

289 1784 497 1827 australia
532 1783 656 1840 signa
691 1789 938 1825 currentem
973 1783 1113 1825 multo
1143 1783 1325 1825 inferius
1360 1797 1409 1824 ac
1445 1780 1632 1823 uicinius
1668 1785 1809 1822 terrae
1844 1792 1976 1835 quam

289 1844 435 1893 solem,
467 1857 566 1884 cum
603 1841 772 1883 hisdem
808 1847 1003 1883 moratur
1038 1843 1083 1883 in
1126 1841 1335 1897 partibus,
1368 1840 1548 1882 circuire
1589 1838 1841 1887 uiderimus,
1876 1835 1980 1892 quia

288 1901 495 1945 uidelicet
527 1900 666 1941 multo
694 1900 872 1942 inferior
898 1915 983 1942 non
1013 1900 1152 1942 solum
1180 1900 1282 1942 soli⁰
1309 1899 1385 1941 sed
1413 1904 1459 1941 et
1488 1897 1649 1940 Veneri
1675 1911 1725 1938 ac
1754 1894 1979 1945 Mercurio,

289 1975 400 2017 quae
421 1959 598 2001 infimae
620 1958 884 2000 stellarumea
906 1964 1020 2010 sunt,
1043 1958 1148 2000 luna
1169 1959 1214 2000 in
1239 1958 1424 2000 confinio
1445 1956 1556 1999 aeris
1577 1954 1696 1998 eiusd
1715 1953 1982 1996 turbulenti⁹

289 2025 335 2061 et
366 2017 465 2075 puri
496 2017 688 2059 decurrit
719 2017 919 2059 aetheris.
2000 2022 2044 2055 30

383 2075 508 2119 Unde
556 2076 706 2131 paucis
750 2075 1044 2117 intimandum
1086 2080 1184 2126 estl,
1220 2074 1335 2132 quod
1377 2074 1492 2116 hunc
1533 2073 1662 2114 lunae
1705 2085 1981 2127 progressum

290 2136 426 2178 ultra²
456 2134 590 2176 solem
621 2134 668 2174 in
699 2139 885 2189 utraque
916 2134 1023 2175 caeli
1050 2134 1191 2190 plaga,
1217 2139 1262 2175 et
1289 2132 1471 2175 australi
1499 2130 1706 2173 uidelicet
1734 2135 1779 2172 et
1807 2135 1981 2184 septen-

291 2193 478 2243 trionali,
511 2192 707 2249 signiferi
747 2192 902 2249 gignat
943 2192 1163 2242 latitudo³‚
1200 2192 1330 2233 Porro
1366 2191 1413 2232 in
1452 2189 1634 2232 australi
1674 2189 1770 2244 ipsa
1809 2201 1982 2243 quoque

290 2253 420 2295 lunae
457 2251 650 2293 eiusdem
687 2250 892 2293 deiectio⁴
927 2250 1061 2293 iuuet.
1125 2250 1352 2307 Siquidem
1395 2249 1575 2306 signifer
1610 2247 1724 2289 idem
1763 2245 1983 2288 tricentis⁵

381 2357 416 2396 2.
478 2353 704 2397 sathuaid⁶
862 2357 899 2397 3.
961 2354 1219 2410 innaphrim
1386 2355 1424 2395 4.
1486 2352 1523 2394 .i.
1546 2351 1651 2394 isliu
1819 2353 1857 2392 5.
1918 2348 1983 2404 [in
2002 2366 2043 2398 35

293 2413 446 2470 marg]
479 2415 515 2455 .i.
549 2412 663 2455 issed
698 2413 839 2468 anyne'
871 2418 983 2456 cetne
1011 2413 1113 2469 foir
1152 2427 1197 2456 oc
1239 2412 1408 2468 diupirt
1447 2411 1574 2453 intan
1614 2408 1806 2452 adoither
1845 2407 1983 2450 ‘matin

294 2475 330 2515 6.
383 2472 420 2514 .i.
431 2471 558 2527 frido
679 2472 714 2513 7.
762 2471 1051 2514 distaurchain
1172 2474 1209 2514 8.
1256 2471 1293 2513 .i.
1311 2469 1451 2513 nelaib
1569 2471 1639 2510 8a.
1686 2467 1723 2510 .i.
1742 2466 1982 2509 errantium

295 2533 332 2574 9.
395 2530 459 2585 [in
490 2544 623 2586 marg.
656 2529 751 2584 inf.]
784 2529 820 2572 .i.
851 2530 1040 2573 inichtur
1070 2529 1260 2572 aetheris
1292 2541 1316 2582 7
1347 2528 1544 2571 inochtur
1573 2526 1685 2569 aeris

384 2591 420 2630 1.
481 2588 518 2630 .i.
560 2588 598 2630 is
627 2587 826 2643 forca‘nti
972 2591 1007 2630 2.
1070 2589 1107 2631 .i.
1148 2588 1241 2631 sech
1385 2589 1423 2630 3.
1485 2586 1551 2641 [in
1592 2584 1753 2641 marg]
1789 2583 1826 2626 .i.
1866 2581 1985 2625 siv-id

293 2646 516 2689 inrindide
546 2647 663 2688 nuile
695 2646 834 2689 <misul
863 2662 908 2689 co
938 2646 1093 2690 huet-sal
1237 2648 1274 2688 4.
1336 2646 1373 2688 .i.
1405 2643 1681 2688 intairinnud
1821 2644 1857 2684 5.
1919 2640 1984 2695 [in
2003 2659 2047 2691 40

295 2705 447 2762 marg]
481 2704 563 2747 0ίῶ
594 2704 758 2747 ανήοῑτῖά
788 2706 896 2747 isliu
926 2720 1043 2749 oescae
1073 2720 1205 2762 quam
1235 2705 1295 2747 sol

378 2803 411 2840 3.
472 2803 514 2839 in
553 2803 607 2840 its
644 2803 782 2852 prime.
930 2804 965 2842 5.
1024 2804 1085 2842 i.e.
1126 2803 1209 2841 this
1246 2803 1281 2840 is
1318 2803 1389 2840 the
1427 2813 1535 2839 same
1572 2811 1823 2850 appearance
1860 2811 1913 2837 on
1950 2798 1986 2836 it

295 2857 497 2907 a—waning
526 2857 643 2894 when
671 2858 706 2894 it
733 2858 768 2895 is
796 2870 890 2896 seen
918 2859 962 2896 in
990 2858 1061 2897 the
1089 2858 1286 2907 morning.
1483 2857 1518 2895 7.
1577 2854 1670 2892 that
1698 2853 1734 2891 it
1760 2850 1983 2904 portends‘.

298 2913 332 2950 8.
390 2912 452 2950 i.e.
485 2910 538 2961 by
565 2911 733 2949 cloudsss.
908 2913 942 2952 9.
1001 2913 1063 2952 i.e.
1093 2913 1138 2950 in
1166 2913 1237 2950 the
1264 2911 1387 2950 lower
1415 2914 1509 2961 part
1537 2908 1705 2947 aetheris
1732 2907 1813 2945 and
1841 2907 1886 2945 in
1915 2906 1987 2945 the

296 2979 423 3017 upper
451 2970 544 3016 part
571 2965 686 3003 aeris.
2004 2976 2046 3007 45

380 3020 415 3059 3.
473 3020 534 3058 i.e.
566 3020 599 3057 it
627 3021 809 3058 searches
838 3021 908 3059 the
938 3021 1065 3060 whole
1093 3021 1228 3060 zodiac
1256 3020 1360 3059 from
1389 3019 1466 3058 low
1493 3022 1538 3057 to
1566 3016 1673 3068 high.
1798 3017 1834 3055 5.
1894 3015 1988 3066 why

297 3075 369 3113 the
396 3087 515 3112 moon
543 3074 578 3111 is
606 3074 728 3113 lower
756 3089 877 3125 quam
904 3076 971 3115 sol.

362 3177 377 3193 ⁸
400 3172 474 3206 MS.
489 3138 658 3212 §sttgnldgig
769 3173 783 3193 ¹²
805 3184 885 3206 over
900 3174 973 3206 this
987 3174 1018 3207 is
1035 3174 1144 3207 solem
1254 3178 1268 3194 ⁰
1291 3172 1365 3205 Ms.
1384 3146 1451 3204 soii
1554 3170 1570 3191 ‘¹
1592 3179 1672 3203 over
1687 3168 1760 3202 this
1775 3168 1806 3200 is
1820 3167 1931 3200 huius
1946 3167 1985 3199 in
2026 3160 2029 3163 ’

297 3227 317 3249 a
333 3216 550 3249 continental
565 3216 661 3248 hand
807 3222 820 3238 θ
842 3218 907 3259 leg.
916 3218 1111 3259 sathuaid?
1257 3216 1269 3237 t
1290 3216 1350 3250 the
1365 3215 1470 3249 Latin
1485 3213 1659 3248 infinitive
1672 3213 1704 3246 is
1718 3210 1986 3245 mistranslated

296 3267 310 3286 Ε
335 3262 425 3292 Here
439 3261 555 3292 netLaib
571 3270 684 3292 seems
701 3271 746 3293 an
763 3261 1015 3294 instrumental
1030 3262 1078 3303 pl.
1095 3262 1149 3294 W.
1167 3261 1200 3295 S.
