2132 3588
528 201 724 252 Glosses
759 217 823 249 on
860 199 939 247 the
984 197 1179 246 Vienna
1212 195 1373 245 Beda.
1732 200 1788 244 31

496 515 760 564 GLOSSES
801 514 887 557 ΟΝ
931 513 1092 556 BEDA
1132 511 1424 566 (VIENNA).

722 674 906 728 (SUPPL.
939 672 1021 715 No.
1055 672 1202 725 2698.)

642 829 730 883 [De
761 829 1024 886 Temporum
1058 828 1278 883 Ratione]

208 946 351 1002 [UH]
413 945 471 987 Et
501 944 716 1001 quomodo
747 950 873 986 nocte
904 948 1033 986 caeca¹
1064 944 1213 1000 procul
1243 959 1442 986 accensas
1473 943 1586 985 faces
1616 942 1806 992 intuens,
1823 945 1847 977 f.
1866 945 1913 976 la
1930 945 1948 975 1

82 1020 102 1054 5
120 1003 445 1061 circumposita²
481 1017 680 1059 quaeque
715 1002 808 1044 loca
847 1002 998 1045 eodem
1040 1002 1206 1045 lumine
1246 1002 1450 1059 perfundi
1479 1016 1566 1043 non
1597 999 1804 1049 dubitas&

122 1062 299 1106 tametsi
328 1061 522 1104 tenebris
551 1062 692 1103 noctis
721 1060 1009 1103 obstantibus.

209 1120 351 1163 sidera
370 1119 547 1176 quidem
567 1119 662 1175 ipsa
683 1119 779 1161 luce
794 1118 1010 1161 radientia
1024 1123 1276 1175 parentss...

209 1179 358 1220 lunam
413 1192 516 1220 uero
565 1177 703 1227 aiunt,
747 1192 847 1219 cum
896 1177 1068 1219 infimas
1122 1177 1190 1218 sui
1244 1176 1394 1219 circuli
1440 1176 1632 1218 absidas⁶
1677 1175 1808 1232 plena

126 1237 305 1294 petierit
310 1269 435 1278 ......
441 1235 549 1292 ipsis
569 1236 703 1278 etiam
724 1235 890 1286 bestiis,
911 1250 1022 1291 quae
1042 1234 1305 1291 presentiam
1328 1240 1537 1277 uerentur
1557 1234 1806 1282 humanam,

67 1315 108 1338 ιο
123 1294 390 1338 discursandi
421 1293 596 1350 ubique,
627 1308 676 1335 ac
706 1293 873 1335 uictum
905 1293 1185 1349 quaeritandi⁶
1214 1293 1357 1349 copia⁷
1386 1298 1649 1349 suppeteret.

212 1353 343 1395 U111.
405 1352 588 1394 Primae
628 1366 730 1408 ergo
771 1351 1003 1408 singularis
1038 1351 1113 1392 illa
1149 1351 1333 1393 ebdoma
1368 1357 1414 1393 et
1449 1351 1477 1393 a
1515 1366 1603 1407 qua
1643 1356 1808 1392 caeterae
1828 1360 1916 1392 f.1a
1932 1361 1952 1391 2

126 1412 306 1453 formam
337 1415 581 1467 capessunt.

212 1468 304 1512 Ubi
338 1468 591 1519 notandum,
621 1468 735 1524 quod
771 1482 857 1509 non
892 1467 990 1509 ideo
1021 1467 1216 1509 senarius
1246 1482 1453 1509 numerus
1484 1473 1550 1509 est
1581 1467 1811 1523 perfectus,

125 1527 229 1584 quia
263 1526 478 1568 Dominus
513 1526 559 1568 in
595 1540 645 1568 eo
680 1525 834 1567 mundi
864 1540 994 1582 opera
1027 1525 1256 1582 perficerit‚
1286 1525 1360 1567 sed
1391 1525 1505 1567 sicut
1536 1525 1811 1581 Augustinus

68 1600 108 1634 15
125 1586 213 1628 ait:
243 1584 349 1627 Ideo
376 1584 595 1626 Dominus
621 1584 697 1640 qui
725 1584 855 1626 simul
883 1584 1031 1625 omnia
1057 1598 1200 1625 creare
1231 1583 1419 1632 ualebat,
1449 1583 1495 1625 in
1526 1598 1576 1625 eo
1604 1583 1811 1640 dignatus

127 1649 195 1686 est
233 1642 412 1699 operari,
442 1642 546 1698 quia
584 1657 792 1684 numerus
831 1647 899 1684 est
939 1641 1013 1684 ille
1052 1642 1281 1698 perfectus,
1313 1647 1363 1684 ut
1404 1642 1537 1684 etiam
1578 1656 1656 1697 per
1696 1641 1811 1682 hunc

127 1716 258 1758 opera
296 1715 376 1743 sua
414 1700 618 1757 probaret
658 1715 750 1742 esse
789 1701 1012 1757 perfecta⁸,
1047 1699 1123 1755 qui
1162 1699 1329 1756 primus
1368 1700 1430 1742 sic
1476 1700 1566 1742 suis
1612 1699 1812 1756 partibus

128 1759 346 1816 impletur,
367 1758 413 1801 id
440 1763 507 1801 est
534 1765 667 1809 sexta,
688 1758 821 1800 tertia
847 1763 893 1800 et
919 1757 1122 1809 dimedia,
1143 1773 1254 1814 quae
1281 1763 1386 1800 sunt
1414 1773 1551 1800 unum
1580 1763 1626 1800 et
1651 1758 1739 1800 duo
1766 1763 1812 1799 et

129 1817 227 1869 tria,
256 1822 303 1859 et
332 1817 462 1859 simul
491 1831 566 1859 sex
597 1816 739 1858 fiunt⁹.

69 1895 114 1919 eo
204 1883 291 1918 'sex
321 1875 477 1918 diebus
506 1874 752 1931 operaberis
782 1881 829 1917 et
858 1874 990 1917 facies
1024 1889 1154 1931 opera
1183 1879 1274 1924 tua,
1301 1874 1523 1932 septima¹⁰
1556 1879 1706 1917 autem
1742 1874 1812 1916 die

130 1933 305 1991 sappati
334 1933 514 1976 Domini
544 1932 627 1975 Dei
658 1933 728 1975 tui
756 1948 843 1975 non
874 1933 1006 1975 facies
1036 1947 1164 1975 omne
1195 1947 1314 1989 opus.

220 2074 257 2114 1.
317 2070 356 2115 .i.
387 2070 567 2114 dorchai
762 2071 801 2112 2.
863 2070 1014 2127 [marg.
1047 2069 1091 2125 1.]
1124 2068 1247 2124 bi(t)¹²
1274 2069 1398 2112 soilsi
1426 2070 1542 2126 impo
1572 2070 1710 2113 issind
1742 2071 1815 2113 air

131 2130 261 2174 insin.
438 2131 477 2172 3.
536 2128 851 2172 cenidaciamni
1027 2129 1065 2170 4.
1125 2127 1384 2184 ardriyiter⁰
1562 2131 1598 2170 5.
1650 2129 1815 2183 fithissi

132 2188 282 2231 abside
302 2202 453 2245 graece
472 2186 659 2229 circulus
678 2186 1000 2242 interpretatur
1099 2187 1135 2228 6.
1187 2186 1395 2228 condestis
1493 2185 1530 2228 7.
1580 2185 1815 2229 indsoirbid

73 2249 115 2282 ²⁵
135 2246 206 2290 7a.
264 2252 305 2289 to
321 2261 395 2288 ,3-
456 2244 535 2287 ‘³ab
547 2246 605 2300 (2)
631 2277 716 2287 .....
885 2247 923 2286 8.
983 2244 1118 2286 lauare
1147 2244 1186 2286 is
1215 2244 1372 2286 haram
1389 2244 1582 2300 foirbthe
1610 2245 1815 2287 indaram

134 2305 286 2361 [marg.
308 2303 368 2359 d.]
388 2303 485 2346 se‘de
502 2303 634 2345 isairi
654 2300 891 2345 conrotoich
911 2302 988 2344 dia
1008 2306 1038 2344 ά
1055 2302 1206 2357 ynimu
1226 2302 1324 2344 indi
1482 2305 1518 2345 9.
1581 2304 1733 2359 [marg.
1755 2303 1813 2357 d.]

135 2363 174 2406 .i.
194 2362 239 2405 οἳ
253 2385 262 2394 ·
276 2360 325 2404 η’
345 2361 554 2404 assessedss
574 2361 666 2405 dau
685 2375 715 2402 a
735 2361 854 2403 trian
873 2375 902 2402 a
922 2360 990 2402 tri
1007 2359 1163 2403 alletia*
1183 2360 1256 2402 άεὲ
1374 2362 1440 2403 10.
1488 2360 1816 2417 fochosmailius

135 2420 314 2478 septimi
334 2419 424 2462 diei
453 2418 608 2461 mundi

165 2541 169 2544 ῃ
219 2563 254 2601 1.
311 2562 374 2600 i.e.
403 2560 518 2599 dark.
556 2561 560 2565 ’
682 2560 716 2598 2.
775 2559 874 2610 they
901 2559 984 2597 will
1012 2558 1063 2598 be
1090 2560 1222 2611 alight
1249 2560 1403 2598 around
1433 2560 1544 2598 them
1572 2561 1616 2598 in
1644 2552 1716 2599 the
1743 2562 1815 2600 air.

0 2642 2 2653 2
77 2627 121 2661 30
139 2617 173 2655 3.
226 2615 380 2666 though
410 2628 470 2653 we
498 2627 564 2653 see
591 2618 675 2654 not.
789 2615 825 2653 4.
884 2614 982 2664 they
1010 2627 1170 2664 appear.
1284 2615 1320 2654 5.
1378 2614 1517 2654 orbits.
1632 2616 1666 2654 6.
1726 2616 1819 2653 that

136 2670 235 2722 they
253 2669 398 2708 should
417 2669 522 2707 seek.
682 2669 717 2707 7.
775 2669 845 2705 the
864 2667 1113 2706 abundance.
1276 2669 1312 2707 8.
1370 2669 1540 2707 because
1559 2670 1629 2707 the
1648 2669 1820 2708 number

0 2748 9 2757 »ν
137 2725 200 2763 six
228 2725 263 2762 is
295 2738 319 2761 a
350 2723 505 2774 perfect
536 2722 717 2770 number,
748 2722 950 2760 therefore
982 2722 1072 2760 God
1105 2722 1178 2760 has
1210 2722 1470 2760 construeted
1503 2723 1584 2761 His
1617 2724 1748 2761 works
1776 2725 1817 2761 in

0 2762 7 2845 Ι
137 2780 183 2816 it.
264 2832 272 2840 ο
296 2778 329 2815 9.
375 2778 437 2817 i.e.
449 2789 527 2839 one
540 2777 595 2814 its
609 2777 731 2823 sixth,
746 2781 827 2814 two
841 2777 895 2814 its
910 2775 1032 2823 third,
1047 2775 1162 2814 three
1176 2777 1231 2813 its
1245 2776 1342 2823 half,
1359 2776 1483 2829 (their
1496 2778 1728 2829 aggregate)
1743 2778 1816 2816 six.

0 2850 2 2855 ·
141 2833 202 2872 10.
261 2844 305 2869 m
333 2831 404 2870 the
430 2831 605 2869 hkeness
632 2830 675 2868 of
702 2830 773 2868 the
800 2830 971 2869 seventh
999 2829 1080 2881 day
1108 2829 1151 2868 of
1178 2830 1249 2868 the
1277 2830 1413 2870 world.

357 2918 376 2980 ἶ
394 2916 629 2992 ᾶειιοὲξὲῃιέἓῒ
643 2916 740 2948 there
755 2926 812 2991 aze
827 2918 939 2948 traoes
954 2916 991 2948 of
1006 2925 1051 2948 an
1067 2915 1217 2956 illegible
1233 2916 1325 2956 gloss

402 2970 478 2992 =ra
628 2969 650 2991 a
697 2969 781 2991 aren

359 3003 374 3023 ὓ
402 3003 490 3036 after
506 3004 519 3035 i
535 3003 595 3035 the
609 2969 803 3044 togliztroke
817 3003 856 3034 of
867 3012 889 3035 a
903 3002 1006 3035 letter
1020 3002 1051 3034 is
1065 3002 1188 3034 visible

359 3052 373 3067 θ
398 3057 420 3079 a
434 3045 577 3078 relative
591 3045 683 3078 form

359 3089 375 3109 ‘¹
398 3090 567 3122 indsoirbe
576 3089 612 3129 ‘?;
635 3089 674 3121 in
689 3088 749 3122 the
764 3088 984 3130 photograph
998 3088 1058 3121 the
1072 3089 1142 3121 last
1156 3089 1257 3122 letter
1272 3089 1303 3121 is
1318 3092 1381 3129 not
1395 3090 1488 3122 clear

359 3138 373 3153 ⁰
395 3132 468 3165 The
482 3132 578 3165 third
591 3133 691 3164 letter
706 3132 804 3164 looks
818 3132 887 3164 like
906 3132 932 3164 Η

365 3176 376 3197 ¹
397 3176 558 3208 Between
574 3177 588 3207 i
603 3175 674 3208 and
688 3185 710 3207 π
725 3175 757 3207 is
772 3175 865 3208 what
880 3175 1062 3208 resembles
1077 3177 1098 3208 8

365 3225 380 3245 ⁸
403 3218 607 3260 Something
622 3228 703 3260 may
718 3218 832 3251 follow
847 3220 1015 3252 wessed:
1040 3231 1058 3261 7
1076 3219 1118 3260 (7)

366 3262 382 3283 ²¹
405 3262 503 3296 After
518 3261 590 3295 this
605 3271 651 3295 on
666 3261 726 3296 the
741 3265 893 3295 extreme
908 3262 1044 3303 margin
1059 3262 1091 3294 is
1106 3261 1199 3294 what
1214 3262 1312 3294 looks
1329 3262 1398 3294 like
1413 3263 1454 3306 p}
1467 3265 1529 3296 αἱ).
