2138 3568
351 194 442 236 186
693 187 1063 237 Non-Biblical
1100 188 1295 237 Glosscs
1330 187 1437 236 and
1472 188 1689 237 Scholia.

344 328 623 384 participium
661 286 822 379 deficit,
858 328 1094 370 necessario
1132 328 1314 370 uerbum
1351 329 1524 370 infinito
1559 328 1724 371 nomini
1760 328 2038 371 substantium»

343 387 543 429 iunctum
567 387 785 442 participii
808 386 966 428 officio2
987 386 1195 442 fungitur.

437 444 583 500 ...‘qui
616 444 830 495 amatur³‚'
862 443 908 490 ὃς
939 447 1149 500 φιλεῖται,
1180 460 1256 500 pro
1289 442 1310 487 ὁ
1343 443 1640 501 φιλούμενοςῧ.
1703 445 1768 486 Ex
1798 460 1885 500 quo
1923 460 2037 487 nunc

344 503 592 545 ostenditur
612 502 873 557 significatio
895 503 1145 559 participii⁴‚
1166 502 1282 559 quod
1304 509 1395 545 tam
1417 503 1606 545 nominis
1631 518 1763 559 quam
1793 503 1915 545 uerbi
1944 503 2037 546 uim

346 561 529 611 obtinet,
558 561 674 617 quod
705 567 750 603 et
783 561 862 602 hoc
895 576 969 616 pro
1001 561 1086 602 illis
1117 567 1162 602 et
1194 561 1270 602 illa
1299 576 1377 617 pro
1409 561 1488 603 hoc
1525 566 1776 617 ponuntur⁵.
1838 561 2038 604 Dicimus
2074 577 2093 608 5

346 620 461 661 enim
485 620 649 675 ‘legens
671 625 749 669 est,
774 619 849 675 qui
872 619 996 675 legit’
1018 625 1064 661 et
1084 619 1177 675 ‘qui
1200 618 1318 675 legit,
1341 624 1407 660 est
1429 619 1668 675 legens⁶'...
1796 660 1799 661 γ

437 693 620 733 ...saepe
652 685 698 719 et
728 677 948 733 praesenti
983 692 1058 732 pro
1090 677 1327 733 praeterito
1358 682 1403 719 et
1434 677 1670 733 praeterito
1707 692 1783 733 pro
1818 677 2038 733 praesenti

349 741 536 778 utuntur
555 742 752 778 auctores
773 735 1047 777 necessitatis
1069 751 1209 783 causa,
1228 750 1327 777 cum
1349 735 1555 777 deficiant
1572 741 1617 778 et
1633 735 1679 777 in
1695 735 1775 777 ‘or’
1792 735 2040 778 desinentia

348 794 568 850 praesenti
599 799 645 835 et
675 794 721 835 in
753 809 778 835 o
810 793 1095 835 terminantia
1124 793 1391 850 praeterito⁶.
1453 793 1700 836 Praesentis
1736 797 1904 836 tamen⁷
1942 809 2036 850 par-

348 852 563 907 ticipium,
610 852 725 908 quod
776 852 909 893 etiam
962 852 1250 907 praeteritum
1299 851 1601 907 imperfectum
1652 851 1882 908 significat,
1926 852 2038 894 solet
2058 870 2100 893 10

348 910 554 992 coniungbi
584 910 729 951 uerbis
757 909 985 966 praeteriti
1014 910 1194 965 perfecti
1223 916 1268 952 et
1299 910 1716 966 plusquamperfecti
1747 915 1792 952 et
1822 909 2037 966 significa-

350 968 543 1010 tionemb
574 969 809 1010 eorundem
842 973 1088 1033 temporum
1118 969 1343 1033 complere,
1372 969 1589 1032 quomodo
1618 968 1770 1010 uerba⁸
1797 968 2039 1033 praesentis

350 1026 567 1082 temporis,
584 1026 620 1068 si
637 1026 935 1082 adiungantur
951 1026 1194 1082 participiis
1217 1026 1452 1081 praeteriti,
1469 1026 1755 1082 praeteritum
1778 1026 2038 1093 significant,

348 1091 417 1127 ‘ut
448 1090 655 1126 caenatus
685 1099 794 1134 sum,
823 1090 1029 1126 caenatus
1058 1099 1115 1133 es,
1143 1090 1350 1126 caenatus
1378 1084 1461 1126 est'
1489 1099 1566 1140 pro
1596 1091 1806 1135 ‘,caenaul
1834 1086 2038 1135 caenasti,

349 1142 583 1184 caenauit'.
833 1143 990 1199 Itaque
1012 1143 1128 1198 quod
1149 1143 1273 1185 deest
1295 1142 1550 1184 Latinitatis
1573 1143 1746 1199 linguae
1767 1142 2039 1193 naturaliter,
2059 1157 2104 1190 1⁵

349 1202 592 1257 completur
615 1176 851 1242 ‘iuncturae
883 1201 1082 1242 ratione⁹.

131 1268 168 1300 P.
191 1268 282 1300 194a
438 1259 710 1302 ‘Coniurato'
734 1258 944 1315 Virgilius
965 1259 1008 1300 in
1034 1259 1082 1300 II
1106 1259 1373 1316 Georgicon:

130 1328 219 1364 (1.p.
240 1322 318 1364 566)
642 1330 735 1370 Aut
765 1329 1010 1370 coniurat0¹
1041 1329 1298 1371 discendens
1329 1329 1475 1371 Dacus
1506 1329 1562 1370 ab
1595 1329 1758 1371 Histro.

374 1398 534 1441 ..uenit
555 1414 582 1439 a
604 1398 746 1439 ‘facio'
769 1398 914 1448 uerbo,
937 1398 1051 1454 quod
1074 1398 1164 1439 uim
1188 1398 1379 1440 actiuam
1401 1398 1593 1463 possidet
1615 1398 1703 1441 ‘fio’
1727 1399 1882 1442 uerbi2.

131 1469 170 1502 P.
193 1468 284 1501 194b
442 1457 582 1498 Multa
618 1464 766 1498 tamen
801 1471 853 1498 ex
897 1456 1196 1498 huiuscemodi
1239 1456 1385 1498 uerbis
1426 1455 1715 1498 inueniuntur
1747 1431 2039 1512 ..participia
2058 1474 2101 1498 20

134 1524 170 1564 (1.
191 1533 224 1563 p.
243 1523 320 1562 567)
351 1515 577 1571 praeteriti
619 1514 826 1570 temporis
867 1520 957 1556 tam
999 1514 1191 1556 actiuam
1232 1530 1364 1570 quam
1410 1514 1626 1569 passiuam
1675 1514 2036 1571 significationem

352 1573 570 1624 habentia,
593 1578 674 1615 ut‘
685 1571 886 1614 meditor'
908 1575 1093 1627 μελετῶ,
1114 1572 1416 1615 ‘meditatus¹.’

132 1635 170 1675 (1·
188 1644 221 1675 P·
240 1634 317 1674 568)
465 1636 730 1674 ..transeunt
750 1630 796 1672 in
818 1630 1045 1673 nominum
1066 1631 1213 1672 uim².

131 1679 170 1754 ἕξ·
189 1678 318 1755 ξρξω)
485 1690 618 1732 fdedi
634 1690 784 1732 datus'
802 1694 873 1731 et‘
881 1689 986 1731 steti
1000 1690 1161 1731 status'
1175 1663 1290 1745 quod
1304 1688 1555 1745 participio¹³
1569 1689 1711 1731 simile
1724 1704 1882 1732 nomen
1895 1694 2014 1731 est¹..

133 1745 171 1806 (12
190 1776 223 1806 p.
240 1731 317 1807 ὥσ)
441 1724 671 1790 Praeterea
693 1747 883 1789 notanda
904 1753 1008 1790 sunt
1029 1763 1055 1789 a
1077 1747 1237 1789 ‘saliui'
1256 1747 1351 1790 uel‘
1361 1747 1489 1789 salui'
1509 1747 1680 1789 saltus’
1696 1753 1765 1789 et‘
1773 1748 2015 1790 salturus'..
2059 1768 2100 1801 ²5

133 1844 171 1875 P.
190 1843 280 1876 193b
442 1837 477 1876 2.
541 1834 576 1876 .i.
599 1834 714 1876 hiluc
735 1834 1008 1889 rannyabdla
1178 1837 1216 1875 3.
1276 1833 1482 1876 acartkar
1643 1836 1679 1875 4.
1741 1833 1778 1875 .i.
1801 1833 1894 1876 iure
1915 1849 2038 1890 prae-

133 1887 313 1919 ⁶⁰⁷¹⁸¹⁷¹¹oed
353 1893 463 1935 dicto
484 1893 696 1948 saidiytlte
716 1908 885 1934 anmme
906 1905 931 1944 7
954 1892 1125 1934 brethre
1146 1898 1246 1934 tara
1259 1892 1347 1934 lte'si
1358 1893 1398 1933 si
1418 1892 1579 1947 reliqua
1729 1895 1777 1934 5»
1825 1892 2039 1948 6η9νασστῖ-

350 1951 471 2006 yidir
506 1951 671 1993 ceclztar
702 1950 779 1992 ‘nai
809 1950 934 1991 acaia
965 1963 991 2003 7
1022 1950 1062 1992 is
1092 1965 1254 1992 camme
1284 1950 1378 1992 duit
1410 1950 1557 2006 legens
1589 1956 1648 1992 est
1681 1962 1706 2002 7
1739 1949 1815 2005 qui
1846 1949 1954 2007 legit
1985 1950 2040 1992 do

354 2010 460 2065 epirt
491 2021 515 2061 7
549 2008 622 2064 qui
654 2008 762 2064 legit
793 2008 941 2065 legens
972 2014 1030 2051 est
1228 2011 1264 2051 6.
1314 2008 1512 2065 fidsyazr
1540 2008 1780 2050 intestemin
1809 2023 1853 2050 se
1883 2007 2041 2050 doridib

354 2067 544 2123 dbiyedz'b
565 2066 864 2122 remeperthib·
1050 2065 1085 2107 7.
1148 2066 1184 2108 .i.
1207 2067 1383 2122 cenodfic
1404 2066 1605 2108 anserchre
1781 2069 1819 2108 8.
1880 2066 1920 2108 .i.
1941 2080 2038 2108 sum
2059 2085 2102 2116 30

354 2126 537 2168 odballib
655 2127 692 2167 9.
754 2124 790 2166 .i.
824 2124 1007 2167 accomol
1038 2124 1386 2167 ιἠηωήιόνίαιὴαν
1418 2137 1441 2177 7
1474 2125 1580 2166 inno
1611 2124 1856 2180 rannyabozl

137 2189 175 2221 P.
195 2190 283 2222 1949.
446 2187 480 2225 1.
541 2183 646 2225 enod
659 2181 819 2225 caim-d
848 2182 1167 2225 ocondseratlzsin
1286 2185 1323 2224 2.
1380 2183 1502 2238 ynim
1532 2182 1631 2224 indo:
1661 2185 1780 2224 asfio

136 2251 174 2282 P.
194 2250 285 2284 1941>
446 2245 481 2284 1.
542 2242 645 2284 ciacc
675 2242 823 2297 yntmo
855 2253 879 2293 7
912 2241 1045 2283 che'sto
1165 2242 1202 2283 2.
1263 2241 1299 2282 .i.
1331 2241 1366 2283 it
1397 2256 1558 2282 amnem
1587 2241 1702 2282 amal
1732 2241 1886 2283 sodain
1923 2274 1925 2276 .

136 2311 174 2345 P.
195 2312 284 2345 1952.
445 2303 481 2343 1.
541 2300 602 2342 oio
624 2299 689 2342 bes
710 2314 862 2341 nomen
1117 2301 1151 2340 2.
1215 2299 1276 2353 [iu
1302 2299 1453 2355 marg]
1475 2298 1520 2340 in
1541 2299 1722 2341 secunda
1742 2298 2039 2355 coniugatione

354 2358 548 2401 diame'is
2058 2370 2100 2404 3⁵

136 2455 175 2487 Ρ,
195 2455 285 2488 1931)
439 2445 471 2481 2.
531 2443 591 2480 i.e.
614 2443 657 2479 in
676 2442 789 2492 pla-ce
807 2441 850 2479 of
869 2455 893 2478 a
912 2441 1135 2491 participle.
1269 2442 1303 2479 3.
1363 2441 1480 2479 when
1501 2442 1551 2479 he
1570 2442 1604 2479 is
1624 2441 1751 2480 loved.
1883 2442 1917 2479 4.
1976 2442 2037 2480 i.e.

135 2499 316 2531 continued
355 2498 458 2535 from
485 2498 553 2534 the
580 2495 779 2534 aforesaid
801 2496 892 2544 ,rule
918 2495 960 2532 of
988 2497 1142 2545 setting
1167 2510 1191 2532 a
1218 2509 1328 2533 noun
1355 2496 1436 2533 and
1462 2510 1487 2532 a
1513 2495 1611 2533 verb
1630 2496 1673 2533 in
1693 2496 1806 2546 place
1825 2496 1868 2533 of
1895 2497 1941 2543 it,
1962 2502 2037 2534 etc.

356 2553 391 2590 5.
450 2552 547 2589 each
568 2551 609 2588 of
636 2551 746 2588 them
767 2550 882 2587 takes
902 2550 973 2587 the
992 2550 1104 2600 place
1124 2550 1167 2587 of
1193 2550 1263 2587 the
1289 2550 1416 2597 other,
1438 2550 1518 2587 and
1540 2551 1574 2587 it
1593 2550 1627 2587 is
1647 2549 1718 2587 the
1737 2563 1846 2588 same
1865 2550 1928 2588 for
1947 2551 2041 2588 thee

356 2612 398 2644 to
419 2620 487 2656 say
509 2606 635 2654 leyens
654 2611 706 2642 est
725 2604 807 2641 and
827 2604 898 2654 qui
916 2604 1020 2652 lcyit,
1042 2604 1123 2641 and
1146 2604 1219 2653 qui
1239 2605 1339 2652 leyit,
1362 2605 1489 2652 leyens
1509 2611 1573 2642 esc.
1730 2605 1782 2649 fi.
1841 2604 1924 2642 this
1949 2608 2041 2642 text

355 2674 528 2698 answers
548 2664 592 2696 to
611 2660 680 2696 the
702 2662 781 2696 two
801 2659 899 2695 laws
917 2657 1129 2696 aforesaid.
1300 2661 1334 2696 7.
1394 2659 1454 2696 i.e.
1477 2658 1631 2708 though
1653 2659 1748 2708 they
1771 2658 1859 2707 (the
1877 2663 2039 2709 present
2058 2675 2102 2707 4ο

355 2714 567 2765 participle
593 2713 695 2751 from
724 2712 842 2750 verbs
869 2713 909 2749 in
938 2726 983 2749 or
1007 2711 1088 2749 and
1114 2713 1184 2750 the
1210 2717 1302 2762 past
1327 2712 1539 2762 participle
1564 2712 1665 2749 from
1694 2712 1812 2750 verbs
1837 2713 1881 2750 in
1906 2717 1946 2765 o)
1970 2725 2042 2751 are

358 2769 548 2818 wanting.
699 2768 734 2804 8.
793 2767 854 2805 i.e.
887 2780 978 2803 sum
1008 2766 1106 2803 with
1141 2767 1194 2803 its
1223 2771 1347 2816 parts.
1502 2767 1536 2805 9.
1595 2767 1655 2804 i.e.
1688 2767 1758 2804 the
1779 2767 1971 2816 junction
1999 2766 2042 2805 of

356 2824 426 2860 the
457 2821 572 2860 verbs
601 2821 682 2858 and
711 2821 753 2858 of
782 2820 852 2858 the
880 2821 1123 2870 participles.

138 2889 284 2921 p,194a
443 2878 476 2914 1.
614 2880 659 2912 at
687 2876 780 2912 that
810 2875 925 2914 river.
1042 2876 1075 2911 2.
1134 2875 1204 2912 the
1232 2875 1365 2912 active
1394 2874 1435 2911 of
1450 2873 1523 2921 fio.

138 2940 176 2971 P.
196 2939 288 2972 194b
443 2933 474 2968 1.
534 2931 603 2966 the
623 2930 811 2978 meaning
829 2928 872 2966 of
891 2929 1023 2965 action
1044 2928 1125 2965 and
1145 2929 1316 2978 passion.
1468 2931 1502 2965 2.
1561 2929 1621 2966 i.e.
1644 2928 1739 2979 they
1759 2942 1828 2967 are
1847 2942 1979 2967 nouus
1997 2930 2042 2967 in
2059 2945 2100 2976 ⁴⁵

357 2986 450 3022 that
479 2997 577 3021 case.

136 3051 174 3083 P,
197 3052 287 3084 1952.
443 3040 474 3077 1.
534 3038 568 3075 it
587 3051 679 3087 may
700 3038 749 3074 be
768 3051 792 3074 a
812 3049 932 3074 noun.
1048 3037 1082 3074 2.
1141 3037 1184 3073 in
1205 3036 1274 3073 the
1294 3036 1440 3074 second
1461 3036 1721 3086 conjugation
1741 3036 1892 3075 behind
1912 3042 1991 3075 us⁰.

423 3117 534 3150 ·.MS
553 3128 600 3152 oc
620 3119 744 3159 φιλει
762 3119 900 3158 raupta
918 3117 1059 3150 Menoe
1220 3114 1291 3146 ¹'et
1307 3114 1596 3164 significationem
1614 3124 1682 3146 om.
1699 3114 1773 3146 MS.
1930 3114 2040 3148 eMS.

358 3161 395 3193 in
412 3161 596 3202 participio
827 3161 841 3179 ‘¹
865 3170 903 3192 or
918 3159 1071 3200 possibly
1088 3159 1165 3190 erod
1181 3159 1308 3197 cainti3
1333 3157 1392 3189 the
1408 3157 1525 3189 word
1515 3168 1546 3189 is
1561 3157 1704 3189 obscure
1721 3159 1764 3189 cs.
1781 3159 1926 3196 enacim,
1943 3158 2043 3191 emoti

358 3205 468 3242 Laws,
486 3214 528 3235 111
544 3205 597 3244 60,
618 3206 670 3242 62,
687 3205 808 3236 «motha
825 3204 871 3235 H.
888 3205 920 3235 3.
940 3204 992 3241 18,
1009 3213 1041 3244 p.
1059 3203 1121 3234 331
1299 3207 1311 3221 ⁰
1334 3201 1357 3232 i.
1360 3211 1390 3232 e.
1407 3201 1444 3232 in
1461 3200 1519 3233 the
1535 3211 1679 3241 passage
1695 3201 1801 3233 about
1816 3201 1916 3233 verbs
1929 3201 1969 3234 of
1981 3201 2043 3236 tho

359 3248 485 3280 second
501 3228 740 3289 conjugatiom
760 3246 892 3287 159b,1.
911 3248 990 3280 19:
997 3247 1118 3283 Hertz,
1136 3245 1159 3276 i.
1176 3255 1209 3285 p.
1228 3246 1304 3282 571,
1320 3245 1343 3276 l.
1361 3246 1382 3276 8
