2132 3588
127 391 150 422 f.
169 391 241 423 31d

120 1207 144 1239 f.
167 1210 238 1241 329.

117 2554 142 2585 f.
160 2554 231 2586 31d

114 2608 140 2640 f.
159 2609 230 2641 3222

117 2908 141 2939 f.
158 2908 231 2940 31d

114 2960 139 2991 f.
161 2961 230 2992 32⁸.

355 186 413 229 16
694 182 1067 232 Non-Biblical
1105 183 1301 232 Glosses
1336 183 1445 233 and
1480 185 1694 234 Scholia.

348 321 507 364 abhinc
544 338 715 366 menses
750 339 800 365 ac
836 323 931 366 dies
962 335 994 365 Χ
1025 329 1071 366 et
1102 334 1229 373 ‚U111.,
1261 323 1304 366 id
1342 329 1422 373 est,
1453 323 1614 366 XVIII
1650 323 1721 366 die
1763 330 1862 380 post
1893 323 2038 366 XIIII

350 380 572 423 Kalendas
610 381 892 438 Septembres
928 381 1004 438 qui
1037 387 1104 424 est
1146 388 1327 424 octauus
1367 382 1519 424 iduum
1563 381 1890 439 Septembrium
1931 381 2036 426 dies.

349 439 408 481 Et
449 439 504 481 ne
544 440 743 496 scruplus
784 440 867 482 tibi
908 441 1019 482 forte
1061 439 1309 497 argumenti
1352 440 1544 483 fallentis
1583 441 1769 491 incedat,
1806 440 1940 496 proba
1979 440 2036 483 ad

349 497 613 540 diametrum
637 499 752 549 anni,
773 498 888 555 quod
912 510 1099 541 XUmam
1128 504 1277 540 tenere
1306 498 1455 541 lunam
1483 514 1606 541 rarus
1637 504 1723 542 est¹
1752 498 1828 555 qui
1857 498 2035 550 nesciat,

349 555 595 612 multiplica
626 568 695 598 ΧΠ
723 571 802 613 per
831 568 942 607 .1111.,
974 557 1087 598 fiunt
1122 557 1198 598 LX
1229 562 1310 599 etc.
2071 569 2090 602 ⁵

437 614 558 656 X1X.
705 615 820 657 Item
872 615 925 657 de
977 615 1128 657 eodem
1180 615 1215 657 si
1269 614 1367 671 quis
1417 623 1670 671 computare
1723 630 1806 658 non
1857 615 2032 658 dedicit.

348 671 397 714 Si
419 672 516 728 qui²
536 688 640 715 uero
662 673 796 715 etiam
819 673 1060 715 calculandi
1082 674 1228 715 minus
1249 673 1443 722 idoneus,
1465 673 1631 716 lunaris
1652 679 1801 716 tamen
1824 673 2033 716 circuitus

345 730 499 772 existit
529 731 723 773 curiosus
755 737 800 773 et
832 731 934 773 huic
964 731 1019 773 ad
1051 731 1337 797 capacitatem
1370 731 1580 797 ingenioli
1609 731 1677 774 sui
1709 732 2033 775 commodamus

343 796 668 855 argumentum,
692 805 777 845 quo
798 789 842 832 id
865 790 980 846 quod
1008 789 1180 846 quaerit
1210 789 1432 832 inueniat:
1463 789 1678 846 siquidem
1701 795 1842 832 totam
1863 790 2032 833 annalis

343 847 553 890 circuitus
575 848 742 897 seriem,
765 863 876 904 quae
899 859 969 890 ΧΠ
992 848 1215 890 mensibus
1236 849 1498 898 continetur,
1514 848 1717 891 alfabetis
1737 847 2032 900 distinximus,
2054 861 2094 884 ιο

342 905 407 947 ita
434 906 678 956 dumtaxat,
699 914 751 948 ut
780 906 947 963 primus
975 912 1020 949 et
1049 906 1266 948 secundus
1294 906 1397 948 ordo
1426 906 1601 949 uicenos
1628 916 1674 949 et
1701 912 1905 963 septenos
1925 906 2030 958 dies,

342 964 502 1006 tertius
523 970 669 1007 autem
694 980 781 1007 uno
809 965 997 1020 amplius
1025 965 1366 1021 complectatur:
1397 964 1472 1006 illo
1500 964 1704 1007 uidelicet
1725 965 1802 1021 qui
1822 965 1877 1008 de
1899 965 2031 1008 tertio

342 1022 543 1078 repetitis
572 1034 662 1065 U111
691 1023 807 1065 horis
835 1023 1066 1079 superfluis
1094 1022 1314 1065 adcrescit.
1377 1023 1434 1064 Et
1463 1028 1514 1064 ut
1542 1023 1697 1065 diebus
1725 1038 1834 1079 quos
1859 1023 2031 1079 signare

342 1081 597 1123 nolebamus
626 1081 799 1123 litterae
828 1081 1078 1132 sufficerint‚
1105 1096 1190 1123 non
1221 1081 1405 1137 singulis
1434 1081 1510 1123 has
1538 1080 1694 1124 diebus
1722 1081 1797 1124 sed
1829 1081 2032 1125 altem1s⁸

342 1140 661 1195 apposuimus..
2052 1151 2066 1173 ¹
2072 1149 2091 1182 5

431 1197 545 1241 Cum
586 1197 724 1264 igitur
762 1213 876 1239 anno
917 1197 1113 1254 quolibet
1153 1197 1270 1240 diem
1311 1197 1553 1263 quemlibet
1589 1213 1674 1255 quo
1710 1197 1756 1240 in
1792 1197 1928 1255 signo,
1959 1198 2031 1241 uel

342 1255 467 1298 cuius
488 1271 649 1298 menS1s
670 1256 715 1298 in
745 1256 943 1312 partibus
973 1256 1121 1298 lunam
1144 1256 1316 1306 habeat,
1338 1256 1444 1298 scire
1466 1257 1669 1305 uolueris
1690 1261 1843 1313 aperto
1865 1256 2030 1299 codice¹

342 1320 447 1356 nota
487 1314 681 1357 litteram
724 1330 835 1370 quae
876 1314 1018 1356 eidem
1059 1314 1118 1356 sit
1164 1314 1412 1371 praeposita
1456 1314 1564 1357 diei2
1611 1321 1656 1357 et
1703 1329 1928 1357 recurrens
1972 1314 2030 1357 ad

341 1373 585 1430 regularem
633 1388 850 1438 paginam,
892 1373 938 1414 in
985 1388 1071 1429 qua
1119 1372 1368 1415 litterarum
1420 1378 1487 1415 est
1537 1372 1746 1415 distincta
1796 1372 2031 1431 congeries,

342 1431 565 1488 eodenque
616 1431 766 1474 statim
818 1446 931 1473 anno
982 1446 1034 1473 ex
1086 1431 1237 1473 titulo³
1287 1430 1440 1473 frontis
1490 1431 1684 1482 inuento,
1725 1431 1846 1473 illam
1896 1446 2028 1488 quam
2049 1449 2091 1472 πο

341 1490 580 1556 quaerebas
620 1489 812 1532 litteram
856 1490 1051 1532 eiusdem
1093 1489 1182 1531 diei
1219 1489 1428 1532 inuenies.
1489 1490 1639 1546 Atque
1679 1496 1782 1532 ante
1822 1505 1872 1532 ac
1913 1496 2030 1533 retro

340 1549 587 1604 inspiciens,
603 1548 721 1605 quod
737 1548 913 1605 signum
936 1563 1124 1604 quemue
1147 1563 1340 1590 mensem
1363 1563 1386 1590 e
1407 1548 1582 1604 regione
1605 1548 1765 1590 habeat
1786 1548 2028 1592 annotabis.

342 1607 559 1649 Ponamus
604 1607 804 1672 aliquod‘*
845 1621 929 1662 quo
970 1606 1025 1648 ad
1066 1612 1238 1648 caetera
1277 1606 1412 1648 lector
1450 1607 1725 1648 conualescat
1765 1607 2026 1663 exemplum.

339 1665 524 1722 quaeris,
549 1665 626 1707 ubi
654 1665 713 1707 sit
744 1665 860 1713 luna,
890 1664 1013 1707 uerbi
1043 1664 1199 1730 gratia,
1224 1665 1267 1706 in
1302 1664 1524 1707 Kalendas
1554 1664 1728 1721 Apriles
1763 1679 1877 1707 anno
1905 1670 2029 1708 sexto

339 1723 735 1766 decennouennalis
771 1723 946 1765 circuli:
993 1723 1114 1779 aperi
1149 1723 1352 1773 codicem,
1376 1738 1546 1788 ’quaere
1586 1723 1701 1765 diem
1745 1723 2027 1766 kalendarum
2047 1739 2088 1771 ²5

339 1789 690 1831 memoratarum,
707 1781 907 1824 inuenies
924 1796 969 1823 ..e
988 1781 1182 1823 litteram
1201 1781 1525 1837 praescriptam,
1541 1796 1709 1823 recurre
1725 1782 1779 1823 ad
1796 1781 2028 1838 paginamb

338 1841 595 1898 regularem,
616 1840 787 1883 uidebis
808 1846 982 1882 sextum
1003 1855 1167 1881 annum
1190 1847 1415 1896 perspecto
1437 1840 1531 1882 eius
1552 1840 1741 1882 alfabeto
1763 1855 1809 1882 ..e
1831 1839 2026 1882 litteram

338 1899 568 1956 repperies,
583 1899 812 1941 circumfer
833 1898 978 1940 oculos
999 1898 1054 1940 ad
1076 1898 1225 1948 latera,
1240 1898 1340 1939 hinc
1361 1898 1636 1963 geminorum
1658 1904 1866 1947 extrema,
1887 1898 2028 1941 illinc⁴

339 1958 458 2000 Iunii
486 1957 648 1999 mensis
675 1957 804 1999 initia
831 1956 1128 2013 deprehendes
1158 1971 1250 1998 esse
1279 1962 1442 1998 notata.
1505 1957 1563 1998 Et
1591 1971 1686 1998 sule
1712 1956 1911 1998 eruditus
1931 1957 2027 2000 siue

339 2016 521 2072 simplex
554 2031 600 2058 es
632 2016 778 2066 lector,
806 2015 950 2071 palam
983 2015 1027 2057 te
1063 2015 1178 2070 quod
1215 2014 1421 2070 cupiebas
1456 2014 1746 2071 inuestigasse
1782 2014 2026 2058 laetaberis.
2046 2030 2089 2062 30

339 2075 526 2141 Insuper
556 2080 602 2116 et
634 2080 726 2116 toto
757 2074 831 2115 illo
863 2088 976 2115 anno
1008 2073 1342 2129 quibuscunque
1372 2072 1528 2115 diebus
1559 2088 1606 2116 .e
1638 2072 1832 2115 litteram
1865 2068 2026 2116 uideris

339 2133 608 2188 asscriptam,
647 2132 741 2174 siue
787 2139 1054 2174 crescentem
1097 2131 1191 2173 siue
1231 2131 1564 2181 decrescentem,
1606 2131 1651 2172 in
1701 2131 1870 2173 hisdem
1917 2131 2027 2174 caeli

339 2191 537 2248 partibus
578 2191 727 2232 lunam
770 2189 942 2232 noueris
984 2205 1076 2232 esse
1117 2195 1430 2232 conuersatam.
1493 2190 1594 2231 Non
1631 2189 1748 2231 enim
1785 2189 1866 2232 hoc
1897 2204 2026 2255 argu-

341 2257 499 2300 mento,
520 2264 566 2291 111
595 2249 859 2291 detrimento
887 2263 943 2290 an
975 2248 1020 2290 in
1049 2252 1311 2290 cremento⁶⁶
1338 2262 1442 2289 suae
1474 2247 1594 2297 lucis,
1616 2247 1660 2288 in
1690 2247 1872 2290 aduerso
1897 2263 1952 2290 an
1980 2263 2027 2290 111

338 2309 456 2351 coitu
493 2307 594 2350 solis
629 2307 687 2349 sit
723 2307 866 2363 posita
902 2307 1026 2348 luna⁶
1060 2306 1257 2362 requiris,
1291 2306 1366 2347 sed
1402 2306 1437 2347 si
1471 2312 1516 2347 et
1547 2305 1627 2347 hoc
1657 2305 1765 2348 scire
1796 2305 2027 2358 desideras,
2046 2323 2087 2355 35

338 2366 478 2409 aderit
498 2371 807 2423 argumentum
831 2371 1010 2407 uetusta
1029 2364 1350 2429 Aegyptiorum
1372 2363 1678 2406 obseruatione
1701 2363 1927 2407 traditum.

426 2425 524 2467 XX.
607 2424 754 2477 Quota
808 2424 868 2466 sit
925 2423 1028 2465 luna
1077 2422 1124 2464 in
1177 2422 1398 2465 Kalendas
1449 2425 1674 2478 quasque⁷.
1756 2421 1902 2465 Primo
1951 2422 2025 2466 de-

427 2543 464 2583 1.
525 2540 563 2582 .i.
584 2540 623 2583 is
644 2539 852 2582 huathath.
972 2541 1008 2581 2.
1069 2538 1108 2581 .i.
1129 2538 1231 2582 nech
1350 2540 1387 2603 3:
1450 2537 1486 2580 .i.
1511 2537 1748 2593 dallaefor
1767 2538 1844 2581 όοη
1865 2537 1977 2581 littir

427 2602 462 2642 1.
524 2599 560 2641 .i.
572 2599 708 2655 fe'lire
856 2600 892 2639 2.
954 2597 991 2640 .i.
1012 2597 1118 2639 imbi
1262 2599 1300 2638 3.
1363 2595 1399 2638 .i.
1423 2597 1526 2638 ιάαε
1547 2596 1743 2638 incolitur
1887 2598 1926 2638 4.

336 2657 548 2700 dindleith
588 2657 702 2699 ailiu.
845 2660 882 2698 5.
943 2656 980 2698 .i.
1022 2660 1292 2697 crementum
1334 2654 1498 2697 leissem
1636 2656 1674 2697 6.
1733 2611 2027 2698 hicoimthechlt
2043 2665 2086 2694 4ο

336 2716 518 2771 duyre'in
540 2728 565 2768 7
587 2730 680 2758 esca
701 2714 932 2757 inoe'nrind
1109 2712 1146 2756 7.
1209 2713 1244 2755 .i.
1271 2713 1354 2754 issi
1373 2712 1444 2755 ide
1465 2711 1675 2755 asmberse
1695 2712 1878 2755 archiwn
1898 2712 1936 2755 .i.
1958 2718 2026 2755 est

336 2774 472 2816 etiam
502 2779 632 2816 uetus
663 2778 961 2830 argumentum
991 2774 1032 2814 ri

420 2897 454 2934 3.
513 2896 574 2934 i.e.
607 2899 689 2933 two
717 2894 817 2945 days
846 2907 899 2932 on
928 2907 1004 2932 one
1034 2894 1165 2931 letter.

422 2951 454 2988 1.
514 2950 575 2987 i.e.
617 2948 816 2987 calendar.
1015 2949 1049 2987 2.
1108 2948 1170 2985 i.e.
1211 2947 1255 2984 in
1293 2946 1425 2984 which
1463 2946 1498 2983 it
1535 2946 1579 2983 is.
1773 2946 1807 2984 3.
1867 2945 1928 2984 i.e.
1970 2958 2026 2996 up

336 3004 474 3042 above.
615 3006 651 3041 4.
709 3003 771 3041 i.e.
795 3003 897 3040 from
920 3002 990 3040 the
1009 3002 1127 3040 other
1146 3001 1240 3039 side.
1383 3002 1418 3038 5.
1472 3000 1535 3039 i.e.
1557 3005 1797 3037 crementum
1817 2999 1917 3036 hath
1937 2997 2022 3037 hed.
2042 3000 2084 3032 45

338 3059 372 3096 6.
432 3059 475 3096 in
494 3058 565 3096 the
585 3058 846 3107 conjunction
865 3056 907 3095 of
927 3070 1003 3094 sun
1023 3056 1103 3094 and
1123 3069 1243 3094 moon
1261 3055 1304 3092 in
1323 3067 1400 3092 one
1419 3053 1713 3092 constellation.
1865 3055 1901 3092 7.
1959 3053 2022 3093 i.e.

335 3113 418 3151 this
447 3113 481 3150 is
509 3113 621 3150 what
650 3112 672 3149 Ι
701 3112 785 3150 will
814 3124 884 3162 say
914 3111 1019 3148 later
1047 3124 1110 3149 on.

398 3218 413 3233 ὃ
436 3211 510 3243 MS.
528 3211 651 3251 alquod
769 3210 783 3230 ¹²
807 3210 880 3243 MS.
901 3210 1064 3250 paginam
1182 3214 1195 3228 ⁰
1218 3207 1449 3239 incremento:
1476 3206 1549 3239 MS.
1568 3180 1743 3238 clremento
1853 3205 1869 3225 ‘¹
1891 3204 1947 3238 i.e.
1964 3204 2024 3238 the

333 3255 425 3287 word
441 3255 471 3286 is
487 3257 676 3294 cremento,
697 3257 759 3286 not
775 3253 992 3286 incremento
