<?xml version="1.0" encoding="UTF-8"?>
<!DOCTYPE html PUBLIC "-//W3C//DTD XHTML 1.0 Transitional//EN"
    "http://www.w3.org/TR/xhtml1/DTD/xhtml1-transitional.dtd">
<html xmlns="http://www.w3.org/1999/xhtml" xml:lang="en" lang="en">
 <head>
  <title>
</title>
<meta http-equiv="Content-Type" content="text/html;charset=utf-8" />
  <meta name='ocr-system' content='tesseract 3.04.00' />
  <meta name='ocr-capabilities' content='ocr_page ocr_carea ocr_par ocr_line ocrx_word'/>
</head>
<body>
  <div class='ocr_page' id='page_1' title='image "./thesauruspalaeoh02stokuoft_0097.png"; bbox 0 0 2098 3562; ppageno 0'>
   <div class='ocr_carea' id='block_1_1' title="bbox 482 168 1772 236">
    <p class='ocr_par' dir='ltr' id='par_1_1' title="bbox 482 168 1772 236">
     <span class='ocr_line' id='line_1_1' title="bbox 482 168 1772 236; baseline -0.002 -16"><span class='ocrx_word' id='word_1_1' title='bbox 482 170 679 220; x_wconf 77' lang='lat' dir='ltr'>Glosses</span> <span class='ocrx_word' id='word_1_2' title='bbox 713 187 779 220; x_wconf 79' lang='lat' dir='ltr'>on</span> <span class='ocrx_word' id='word_1_3' title='bbox 813 168 1058 220; x_wconf 77' lang='lat' dir='ltr'><em>Priscian</em></span> <span class='ocrx_word' id='word_1_4' title='bbox 1093 169 1189 236; x_wconf 81' lang='lat' dir='ltr'>(St.</span> <span class='ocrx_word' id='word_1_5' title='bbox 1232 169 1389 236; x_wconf 76' lang='lat' dir='ltr'>Gall).</span> <span class='ocrx_word' id='word_1_6' title='bbox 1714 175 1772 219; x_wconf 88' lang='lat'>51</span> 
     </span>
    </p>
   </div>
   <div class='ocr_carea' id='block_1_2' title="bbox 0 0 94 3562">
    <p class='ocr_par' dir='ltr' id='par_1_2' title="bbox 0 0 94 3562">
     <span class='ocr_line' id='line_1_2' title="bbox 0 0 42 524; baseline 0 -245"><span class='ocrx_word' id='word_1_7' title='bbox 0 0 42 524; x_wconf 95' lang='lat' dir='ltr'>    </span> 
     </span>
     <span class='ocr_line' id='line_1_3' title="bbox 0 524 26 745; baseline 0 0"><span class='ocrx_word' id='word_1_8' title='bbox 0 524 26 745; x_wconf 95' lang='lat' dir='ltr'>   </span> 
     </span>
     <span class='ocr_line' id='line_1_4' title="bbox 0 745 34 1421; baseline 0 -330"><span class='ocrx_word' id='word_1_9' title='bbox 0 745 34 1421; x_wconf 95' lang='lat' dir='ltr'>     </span> 
     </span>
     <span class='ocr_line' id='line_1_5' title="bbox 0 1421 34 1633; baseline 0 1929"><span class='ocrx_word' id='word_1_10' title='bbox 0 1421 34 1633; x_wconf 95' lang='lat' dir='ltr'> </span> 
     </span>
     <span class='ocr_line' id='line_1_6' title="bbox 0 1633 39 2191; baseline 0 -113"><span class='ocrx_word' id='word_1_11' title='bbox 0 1633 39 2191; x_wconf 95' lang='lat' dir='ltr'>    </span> 
     </span>
     <span class='ocr_line' id='line_1_7' title="bbox 0 2191 94 3562; baseline 0 -935"><span class='ocrx_word' id='word_1_12' title='bbox 0 2191 94 3562; x_wconf 95' lang='lat' dir='ltr'>   </span> 
     </span>
    </p>
   </div>
   <div class='ocr_carea' id='block_1_3' title="bbox 10 308 1940 1416">
    <p class='ocr_par' dir='ltr' id='par_1_3' title="bbox 10 308 1940 1416">
     <span class='ocr_line' id='line_1_8' title="bbox 93 308 1940 366; baseline 0.001 -13"><span class='ocrx_word' id='word_1_13' title='bbox 93 309 303 354; x_wconf 82' lang='lat' dir='ltr'>ticulatae</span> <span class='ocrx_word' id='word_1_14' title='bbox 317 308 539 352; x_wconf 88' lang='lat' dir='ltr'>dicuntur.</span> <span class='ocrx_word' id='word_1_15' title='bbox 550 342 578 351; x_wconf 91' lang='lat'>..</span> <span class='ocrx_word' id='word_1_16' title='bbox 622 308 745 352; x_wconf 87' lang='lat' dir='ltr'>Scire</span> <span class='ocrx_word' id='word_1_17' title='bbox 760 314 911 352; x_wconf 86' lang='lat' dir='ltr'>autem</span> <span class='ocrx_word' id='word_1_18' title='bbox 926 309 1137 352; x_wconf 85' lang='lat' dir='ltr'>debemus</span> <span class='ocrx_word' id='word_1_19' title='bbox 1152 309 1268 366; x_wconf 91' lang='lat' dir='ltr'>quod</span> <span class='ocrx_word' id='word_1_20' title='bbox 1285 309 1363 351; x_wconf 87' lang='lat' dir='ltr'>has</span> <span class='ocrx_word' id='word_1_21' title='bbox 1384 314 1593 366; x_wconf 87' lang='lat' dir='ltr'>quattuor</span> <span class='ocrx_word' id='word_1_22' title='bbox 1613 309 1778 366; x_wconf 88' lang='lat' dir='ltr'>species</span> <span class='ocrx_word' id='word_1_23' title='bbox 1797 325 1836 363; x_wconf 86' lang='lat'>(1.</span> <span class='ocrx_word' id='word_1_24' title='bbox 1853 332 1885 364; x_wconf 88' lang='lat' dir='ltr'>p.</span> <span class='ocrx_word' id='word_1_25' title='bbox 1906 321 1940 365; x_wconf 84' lang='grc'>6)</span> 
     </span>
     <span class='ocr_line' id='line_1_9' title="bbox 94 367 1778 425; baseline -0.001 -14"><span class='ocrx_word' id='word_1_26' title='bbox 94 382 251 411; x_wconf 90' lang='lat' dir='ltr'>uocum</span> <span class='ocrx_word' id='word_1_27' title='bbox 290 367 524 424; x_wconf 86' lang='lat' dir='ltr'>proficiunt</span> <span class='ocrx_word' id='word_1_28' title='bbox 561 375 753 424; x_wconf 82' lang='lat' dir='ltr'>quatuor</span> <span class='ocrx_word' id='word_1_29' title='bbox 790 367 1033 424; x_wconf 84' lang='lat' dir='ltr'>superiores</span> <span class='ocrx_word' id='word_1_30' title='bbox 1072 367 1332 410; x_wconf 82' lang='lat' dir='ltr'>diffirentiae</span> <span class='ocrx_word' id='word_1_31' title='bbox 1378 368 1641 425; x_wconf 82' lang='lat' dir='ltr'>generaliter</span> <span class='ocrx_word' id='word_1_32' title='bbox 1681 367 1778 410; x_wconf 88' lang='lat' dir='ltr'>uoci</span> 
     </span>
     <span class='ocr_line' id='line_1_10' title="bbox 93 425 1324 482; baseline 0 -13"><span class='ocrx_word' id='word_1_33' title='bbox 93 425 383 477; x_wconf 68' lang='lat' dir='ltr'>accidentesw,</span> <span class='ocrx_word' id='word_1_34' title='bbox 403 425 533 468; x_wconf 80' lang='lat' dir='ltr'>binae</span> <span class='ocrx_word' id='word_1_35' title='bbox 553 440 631 482; x_wconf 90' lang='lat' dir='ltr'>per</span> <span class='ocrx_word' id='word_1_36' title='bbox 650 425 844 482; x_wconf 87' lang='lat' dir='ltr'>singulas</span> <span class='ocrx_word' id='word_1_37' title='bbox 863 425 1054 468; x_wconf 90' lang='lat' dir='ltr'>inuicem</span> <span class='ocrx_word' id='word_1_38' title='bbox 1075 431 1324 469; x_wconf 72' lang='lat' dir='ltr'>coeuntesu.</span> 
     </span>
     <span class='ocr_line' id='line_1_11' title="bbox 182 483 1900 541; baseline 0 -15"><span class='ocrx_word' id='word_1_39' title='bbox 182 483 365 541; x_wconf 87' lang='lat' dir='ltr'>Lyttera</span> <span class='ocrx_word' id='word_1_40' title='bbox 390 489 459 526; x_wconf 83' lang='lat' dir='ltr'>est</span> <span class='ocrx_word' id='word_1_41' title='bbox 485 498 584 540; x_wconf 87' lang='lat' dir='ltr'>pars</span> <span class='ocrx_word' id='word_1_42' title='bbox 605 483 788 526; x_wconf 88' lang='lat' dir='ltr'>minima</span> <span class='ocrx_word' id='word_1_43' title='bbox 814 484 933 527; x_wconf 88' lang='lat' dir='ltr'>uocis</span> <span class='ocrx_word' id='word_1_44' title='bbox 959 485 1257 541; x_wconf 86' lang='lat' dir='ltr'>compossitae,</span> <span class='ocrx_word' id='word_1_45' title='bbox 1279 485 1358 527; x_wconf 91' lang='lat' dir='ltr'>hoc</span> <span class='ocrx_word' id='word_1_46' title='bbox 1385 490 1453 527; x_wconf 89' lang='lat' dir='ltr'>est</span> <span class='ocrx_word' id='word_1_47' title='bbox 1473 499 1586 541; x_wconf 89' lang='lat' dir='ltr'>quae</span> <span class='ocrx_word' id='word_1_48' title='bbox 1606 489 1778 526; x_wconf 90' lang='lat' dir='ltr'>constat</span> <span class='ocrx_word' id='word_1_49' title='bbox 1794 484 1833 516; x_wconf 87' lang='lat' dir='ltr'>P·</span> <span class='ocrx_word' id='word_1_50' title='bbox 1850 484 1900 517; x_wconf 86' lang='lat' dir='ltr'>3b</span> 
     </span>
     <span class='ocr_line' id='line_1_12' title="bbox 43 541 1777 600; baseline 0 -16"><span class='ocrx_word' id='word_1_51' title='bbox 43 557 64 590; x_wconf 72' lang='grc' dir='ltr'>ε</span> <span class='ocrx_word' id='word_1_52' title='bbox 94 541 405 599; x_wconf 77' lang='lat' dir='ltr'>compositione</span> <span class='ocrx_word' id='word_1_53' title='bbox 435 542 674 591; x_wconf 80' lang='lat' dir='ltr'>literarum,</span> <span class='ocrx_word' id='word_1_54' title='bbox 703 542 885 584; x_wconf 90' lang='lat' dir='ltr'>minima</span> <span class='ocrx_word' id='word_1_55' title='bbox 919 548 1082 594; x_wconf 89' lang='lat' dir='ltr'>autem,</span> <span class='ocrx_word' id='word_1_56' title='bbox 1108 550 1324 600; x_wconf 88' lang='lat' dir='ltr'>quantum</span> <span class='ocrx_word' id='word_1_57' title='bbox 1360 542 1415 584; x_wconf 88' lang='lat' dir='ltr'>ad</span> <span class='ocrx_word' id='word_1_58' title='bbox 1450 548 1588 585; x_wconf 83' lang='lat' dir='ltr'>totam</span> <span class='ocrx_word' id='word_1_59' title='bbox 1624 542 1777 598; x_wconf 87' lang='lat' dir='ltr'>adpre-</span> 
     </span>
     <span class='ocr_line' id='line_1_13' title="bbox 94 599 1779 657; baseline -0.001 -14"><span class='ocrx_word' id='word_1_60' title='bbox 94 600 348 643; x_wconf 86' lang='lat' dir='ltr'>hensionem</span> <span class='ocrx_word' id='word_1_61' title='bbox 369 599 488 643; x_wconf 88' lang='lat' dir='ltr'>uocis</span> <span class='ocrx_word' id='word_1_62' title='bbox 515 599 869 642; x_wconf 73' lang='lat' dir='ltr'>litteratae1—ad</span> <span class='ocrx_word' id='word_1_63' title='bbox 899 600 1010 642; x_wconf 88' lang='lat' dir='ltr'>hanc</span> <span class='ocrx_word' id='word_1_64' title='bbox 1030 601 1144 643; x_wconf 91' lang='lat' dir='ltr'>enim</span> <span class='ocrx_word' id='word_1_65' title='bbox 1169 601 1302 643; x_wconf 87' lang='lat' dir='ltr'>etiam</span> <span class='ocrx_word' id='word_1_66' title='bbox 1324 601 1559 657; x_wconf 90' lang='lat' dir='ltr'>productae</span> <span class='ocrx_word' id='word_1_67' title='bbox 1587 600 1779 642; x_wconf 81' lang='lat' dir='ltr'>uocales²</span> 
     </span>
     <span class='ocr_line' id='line_1_14' title="bbox 19 658 1776 716; baseline -0.001 -15"><span class='ocrx_word' id='word_1_68' title='bbox 19 660 21 662; x_wconf 79' lang='grc'><strong>’</strong></span> <span class='ocrx_word' id='word_1_69' title='bbox 94 658 376 702; x_wconf 87' lang='lat' dir='ltr'>breuissimae</span> <span class='ocrx_word' id='word_1_70' title='bbox 422 663 569 714; x_wconf 85' lang='lat' dir='ltr'>partes</span> <span class='ocrx_word' id='word_1_71' title='bbox 615 658 1035 701; x_wconf 81' lang='lat' dir='ltr'>inueniuntur—uel</span> <span class='ocrx_word' id='word_1_72' title='bbox 1077 659 1194 716; x_wconf 89' lang='lat' dir='ltr'>quod</span> <span class='ocrx_word' id='word_1_73' title='bbox 1233 659 1429 701; x_wconf 90' lang='lat' dir='ltr'>omnium</span> <span class='ocrx_word' id='word_1_74' title='bbox 1469 659 1776 701; x_wconf 87' lang='lat' dir='ltr'>breuissimum</span> 
     </span>
     <span class='ocr_line' id='line_1_15' title="bbox 10 716 1432 774; baseline 0 -15"><span class='ocrx_word' id='word_1_75' title='bbox 10 717 13 723; x_wconf 89' lang='lat'>&#39;</span> <span class='ocrx_word' id='word_1_76' title='bbox 95 721 276 768; x_wconf 75' lang='lat' dir='ltr'>eorum&#39;,</span> <span class='ocrx_word' id='word_1_77' title='bbox 296 731 408 773; x_wconf 80' lang='lat' dir='ltr'>quae</span> <span class='ocrx_word' id='word_1_78' title='bbox 428 716 569 759; x_wconf 88' lang='lat' dir='ltr'>diuidi</span> <span class='ocrx_word' id='word_1_79' title='bbox 589 723 783 773; x_wconf 75' lang='lat' dir='ltr'>possunt,</span> <span class='ocrx_word' id='word_1_80' title='bbox 804 716 845 759; x_wconf 91' lang='lat' dir='ltr'>id</span> <span class='ocrx_word' id='word_1_81' title='bbox 870 717 986 773; x_wconf 91' lang='lat' dir='ltr'>quod</span> <span class='ocrx_word' id='word_1_82' title='bbox 1006 716 1147 760; x_wconf 90' lang='lat' dir='ltr'>diuidi</span> <span class='ocrx_word' id='word_1_83' title='bbox 1167 733 1254 773; x_wconf 75' lang='lat' dir='ltr'>non</span> <span class='ocrx_word' id='word_1_84' title='bbox 1275 723 1432 774; x_wconf 89' lang='lat' dir='ltr'>potest.</span> 
     </span>
     <span class='ocr_line' id='line_1_16' title="bbox 183 774 1776 831; baseline 0 -14"><span class='ocrx_word' id='word_1_85' title='bbox 183 775 358 818; x_wconf 84' lang='lat' dir='ltr'>Dicitur</span> <span class='ocrx_word' id='word_1_86' title='bbox 377 781 525 817; x_wconf 87' lang='lat' dir='ltr'>autem</span> <span class='ocrx_word' id='word_1_87' title='bbox 553 774 758 818; x_wconf 85' lang='lat' dir='ltr'>litera...⁴</span> <span class='ocrx_word' id='word_1_88' title='bbox 776 790 803 817; x_wconf 87' lang='lat' dir='ltr'>a</span> <span class='ocrx_word' id='word_1_89' title='bbox 823 775 1041 818; x_wconf 78' lang='lat' dir='ltr'>lituris⁵...</span> <span class='ocrx_word' id='word_1_90' title='bbox 1162 775 1333 818; x_wconf 88' lang='lat' dir='ltr'>Literas</span> <span class='ocrx_word' id='word_1_91' title='bbox 1360 781 1508 818; x_wconf 90' lang='lat' dir='ltr'>autem</span> <span class='ocrx_word' id='word_1_92' title='bbox 1532 775 1667 818; x_wconf 85' lang='lat' dir='ltr'>etiam</span> <span class='ocrx_word' id='word_1_93' title='bbox 1687 775 1776 831; x_wconf 87' lang='lat' dir='ltr'>yle-</span> 
     </span>
     <span class='ocr_line' id='line_1_17' title="bbox 38 833 1776 890; baseline 0 -15"><span class='ocrx_word' id='word_1_94' title='bbox 38 847 80 875; x_wconf 74' lang='grc' dir='ltr'>ιο</span> <span class='ocrx_word' id='word_1_95' title='bbox 96 839 342 876; x_wconf 86' lang='lat' dir='ltr'>mentorum</span> <span class='ocrx_word' id='word_1_96' title='bbox 374 833 605 876; x_wconf 81' lang='lat' dir='ltr'>uocabulo⁶</span> <span class='ocrx_word' id='word_1_97' title='bbox 634 839 998 890; x_wconf 86' lang='lat' dir='ltr'>noncupauerunt</span> <span class='ocrx_word' id='word_1_98' title='bbox 1027 834 1083 876; x_wconf 89' lang='lat' dir='ltr'>ad</span> <span class='ocrx_word' id='word_1_99' title='bbox 1123 834 1458 877; x_wconf 89' lang='lat' dir='ltr'>similitudinem</span> <span class='ocrx_word' id='word_1_100' title='bbox 1500 833 1654 876; x_wconf 91' lang='lat' dir='ltr'>mundi</span> <span class='ocrx_word' id='word_1_101' title='bbox 1686 834 1776 890; x_wconf 89' lang='lat' dir='ltr'>yle-</span> 
     </span>
     <span class='ocr_line' id='line_1_18' title="bbox 96 891 1775 949; baseline 0.001 -15"><span class='ocrx_word' id='word_1_102' title='bbox 96 894 386 935; x_wconf 82' lang='lat' dir='ltr'>mentorum⁷z</span> <span class='ocrx_word' id='word_1_103' title='bbox 416 891 530 934; x_wconf 89' lang='lat' dir='ltr'>sicut</span> <span class='ocrx_word' id='word_1_104' title='bbox 558 891 692 934; x_wconf 80' lang='lat' dir='ltr'>etiam</span> <span class='ocrx_word' id='word_1_105' title='bbox 713 891 935 934; x_wconf 85' lang='lat' dir='ltr'>coeuntia⁸</span> <span class='ocrx_word' id='word_1_106' title='bbox 954 897 1102 934; x_wconf 83' lang='lat' dir='ltr'>omne⁹</span> <span class='ocrx_word' id='word_1_107' title='bbox 1120 893 1354 949; x_wconf 86' lang='lat' dir='ltr'>perficiunt</span> <span class='ocrx_word' id='word_1_108' title='bbox 1374 907 1540 949; x_wconf 88' lang='lat' dir='ltr'>corpus,</span> <span class='ocrx_word' id='word_1_109' title='bbox 1561 893 1622 935; x_wconf 89' lang='lat' dir='ltr'>sic</span> <span class='ocrx_word' id='word_1_110' title='bbox 1643 893 1775 935; x_wconf 88' lang='lat' dir='ltr'>etiam</span> 
     </span>
     <span class='ocr_line' id='line_1_19' title="bbox 97 950 1778 1008; baseline 0.001 -15"><span class='ocrx_word' id='word_1_111' title='bbox 97 951 203 993; x_wconf 80' lang='lat' dir='ltr'>haec</span> <span class='ocrx_word' id='word_1_112' title='bbox 217 950 451 993; x_wconf 81' lang='lat' dir='ltr'>coniuncta</span> <span class='ocrx_word' id='word_1_113' title='bbox 466 950 681 992; x_wconf 84' lang='lat' dir='ltr'>literalem</span> <span class='ocrx_word' id='word_1_114' title='bbox 697 965 850 993; x_wconf 89' lang='lat' dir='ltr'>uocem</span> <span class='ocrx_word' id='word_1_115' title='bbox 870 950 995 1007; x_wconf 84' lang='lat' dir='ltr'>quasi</span> <span class='ocrx_word' id='word_1_116' title='bbox 1015 966 1169 1007; x_wconf 88' lang='lat' dir='ltr'>corpus</span> <span class='ocrx_word' id='word_1_117' title='bbox 1189 951 1399 1007; x_wconf 87' lang='lat' dir='ltr'>aliquod¹⁰</span> <span class='ocrx_word' id='word_1_118' title='bbox 1418 958 1687 1008; x_wconf 91' lang='lat' dir='ltr'>componunt</span> <span class='ocrx_word' id='word_1_119' title='bbox 1707 952 1778 994; x_wconf 91' lang='lat' dir='ltr'>uel</span> 
     </span>
     <span class='ocr_line' id='line_1_20' title="bbox 95 1008 1778 1066; baseline 0.001 -16"><span class='ocrx_word' id='word_1_120' title='bbox 95 1008 236 1066; x_wconf 83' lang='lat' dir='ltr'>magis</span> <span class='ocrx_word' id='word_1_121' title='bbox 255 1023 359 1051; x_wconf 91' lang='lat' dir='ltr'>uere</span> <span class='ocrx_word' id='word_1_122' title='bbox 378 1023 533 1064; x_wconf 87' lang='lat' dir='ltr'>corpus</span> <span class='ocrx_word' id='word_1_123' title='bbox 558 1013 635 1050; x_wconf 82' lang='lat' dir='ltr'>est.</span> <span class='ocrx_word' id='word_1_124' title='bbox 696 1008 814 1050; x_wconf 82' lang='lat' dir='ltr'>Nam</span> <span class='ocrx_word' id='word_1_125' title='bbox 835 1009 873 1051; x_wconf 80' lang='lat' dir='ltr'>si</span> <span class='ocrx_word' id='word_1_126' title='bbox 893 1024 967 1051; x_wconf 87' lang='lat' dir='ltr'>aer</span> <span class='ocrx_word' id='word_1_127' title='bbox 987 1024 1141 1065; x_wconf 90' lang='lat' dir='ltr'>corpus</span> <span class='ocrx_word' id='word_1_128' title='bbox 1162 1015 1274 1060; x_wconf 73' lang='lat' dir='ltr'>estu,</span> <span class='ocrx_word' id='word_1_129' title='bbox 1294 1018 1340 1051; x_wconf 88' lang='lat' dir='ltr'>et</span> <span class='ocrx_word' id='word_1_130' title='bbox 1361 1024 1459 1061; x_wconf 86' lang='lat' dir='ltr'>uox,</span> <span class='ocrx_word' id='word_1_131' title='bbox 1471 1024 1584 1066; x_wconf 88' lang='lat' dir='ltr'>quae</span> <span class='ocrx_word' id='word_1_132' title='bbox 1605 1025 1658 1052; x_wconf 88' lang='lat' dir='ltr'>ex</span> <span class='ocrx_word' id='word_1_133' title='bbox 1679 1025 1778 1052; x_wconf 88' lang='lat' dir='ltr'>aere</span> 
     </span>
     <span class='ocr_line' id='line_1_21' title="bbox 96 1067 1778 1125; baseline 0.001 -16"><span class='ocrx_word' id='word_1_134' title='bbox 96 1067 183 1109; x_wconf 83' lang='lat' dir='ltr'>icto</span> <span class='ocrx_word' id='word_1_135' title='bbox 202 1072 385 1116; x_wconf 89' lang='lat' dir='ltr'>constat,</span> <span class='ocrx_word' id='word_1_136' title='bbox 404 1081 559 1123; x_wconf 89' lang='lat' dir='ltr'>corpus</span> <span class='ocrx_word' id='word_1_137' title='bbox 579 1081 671 1109; x_wconf 89' lang='lat' dir='ltr'>esse</span> <span class='ocrx_word' id='word_1_138' title='bbox 697 1067 957 1117; x_wconf 85' lang='lat' dir='ltr'>ostenditur,</span> <span class='ocrx_word' id='word_1_139' title='bbox 979 1068 1142 1124; x_wconf 88' lang='lat' dir='ltr'>quippe</span> <span class='ocrx_word' id='word_1_140' title='bbox 1173 1083 1272 1110; x_wconf 89' lang='lat' dir='ltr'>cum</span> <span class='ocrx_word' id='word_1_141' title='bbox 1295 1074 1340 1110; x_wconf 90' lang='lat' dir='ltr'>et</span> <span class='ocrx_word' id='word_1_142' title='bbox 1362 1068 1541 1125; x_wconf 75' lang='lat' dir='ltr'>tangit¹2</span> <span class='ocrx_word' id='word_1_143' title='bbox 1560 1083 1710 1110; x_wconf 90' lang='lat' dir='ltr'>aurem</span> <span class='ocrx_word' id='word_1_144' title='bbox 1732 1074 1778 1110; x_wconf 91' lang='lat' dir='ltr'>et</span> 
     </span>
     <span class='ocr_line' id='line_1_22' title="bbox 40 1124 1778 1191; baseline 0.001 -24"><span class='ocrx_word' id='word_1_145' title='bbox 40 1137 78 1168; x_wconf 82' lang='lat'>15</span> <span class='ocrx_word' id='word_1_146' title='bbox 95 1125 319 1191; x_wconf 85' lang='lat' dir='ltr'>tripartito</span> <span class='ocrx_word' id='word_1_147' title='bbox 345 1124 572 1175; x_wconf 86' lang='lat' dir='ltr'>diuiditur,</span> <span class='ocrx_word' id='word_1_148' title='bbox 592 1124 708 1181; x_wconf 90' lang='lat' dir='ltr'>quod</span> <span class='ocrx_word' id='word_1_149' title='bbox 736 1130 803 1167; x_wconf 87' lang='lat' dir='ltr'>est</span> <span class='ocrx_word' id='word_1_150' title='bbox 830 1140 959 1167; x_wconf 88' lang='lat' dir='ltr'>suum</span> <span class='ocrx_word' id='word_1_151' title='bbox 987 1126 1186 1182; x_wconf 86' lang='lat' dir='ltr'>corporis,</span> <span class='ocrx_word' id='word_1_152' title='bbox 1208 1126 1288 1168; x_wconf 91' lang='lat' dir='ltr'>hoc</span> <span class='ocrx_word' id='word_1_153' title='bbox 1316 1132 1384 1168; x_wconf 84' lang='lat' dir='ltr'>est</span> <span class='ocrx_word' id='word_1_154' title='bbox 1411 1126 1457 1168; x_wconf 91' lang='lat' dir='ltr'>in</span> <span class='ocrx_word' id='word_1_155' title='bbox 1484 1126 1778 1176; x_wconf 88' lang='lat' dir='ltr'>altitudinem,</span> 
     </span>
     <span class='ocr_line' id='line_1_23' title="bbox 96 1183 1779 1241; baseline 0.001 -15"><span class='ocrx_word' id='word_1_156' title='bbox 96 1183 422 1233; x_wconf 60' lang='lat' dir='ltr'>latitudinemss,</span> <span class='ocrx_word' id='word_1_157' title='bbox 457 1183 822 1240; x_wconf 88' lang='lat' dir='ltr'>longuitudinem,</span> <span class='ocrx_word' id='word_1_158' title='bbox 855 1183 971 1226; x_wconf 90' lang='lat' dir='ltr'>unde</span> <span class='ocrx_word' id='word_1_159' title='bbox 1007 1199 1061 1226; x_wconf 83' lang='lat' dir='ltr'>ex</span> <span class='ocrx_word' id='word_1_160' title='bbox 1093 1184 1212 1226; x_wconf 91' lang='lat' dir='ltr'>omni</span> <span class='ocrx_word' id='word_1_161' title='bbox 1243 1199 1416 1241; x_wconf 92' lang='lat' dir='ltr'>quoque</span> <span class='ocrx_word' id='word_1_162' title='bbox 1446 1190 1604 1241; x_wconf 78' lang='lat' dir='ltr'>parte¹⁴</span> <span class='ocrx_word' id='word_1_163' title='bbox 1633 1190 1779 1241; x_wconf 82' lang='lat' dir='ltr'>potest</span> 
     </span>
     <span class='ocr_line' id='line_1_24' title="bbox 95 1241 1778 1299; baseline 0.001 -15"><span class='ocrx_word' id='word_1_164' title='bbox 95 1241 249 1284; x_wconf 81' lang='lat' dir='ltr'>audiri.</span> <span class='ocrx_word' id='word_1_165' title='bbox 310 1241 540 1283; x_wconf 83' lang='lat' dir='ltr'>Praeterea</span> <span class='ocrx_word' id='word_1_166' title='bbox 581 1247 729 1284; x_wconf 88' lang='lat' dir='ltr'>tamen</span> <span class='ocrx_word' id='word_1_167' title='bbox 769 1242 967 1297; x_wconf 86' lang='lat' dir='ltr'>singulae</span> <span class='ocrx_word' id='word_1_168' title='bbox 1007 1242 1232 1299; x_wconf 85' lang='lat' dir='ltr'>syllabae¹⁵</span> <span class='ocrx_word' id='word_1_169' title='bbox 1271 1242 1553 1285; x_wconf 88' lang='lat' dir='ltr'>altitudinem</span> <span class='ocrx_word' id='word_1_170' title='bbox 1602 1243 1778 1299; x_wconf 91' lang='lat' dir='ltr'>quidem</span> 
     </span>
     <span class='ocr_line' id='line_1_25' title="bbox 26 1299 1780 1358; baseline 0.001 -16"><span class='ocrx_word' id='word_1_171' title='bbox 26 1329 30 1332; x_wconf 83' lang='lat'><strong>·</strong></span> <span class='ocrx_word' id='word_1_172' title='bbox 96 1299 262 1343; x_wconf 84' lang='lat' dir='ltr'>habent</span> <span class='ocrx_word' id='word_1_173' title='bbox 293 1299 339 1341; x_wconf 89' lang='lat' dir='ltr'>in</span> <span class='ocrx_word' id='word_1_174' title='bbox 374 1306 536 1351; x_wconf 90' lang='lat' dir='ltr'>tenore,</span> <span class='ocrx_word' id='word_1_175' title='bbox 570 1299 903 1342; x_wconf 86' lang='lat' dir='ltr'>crassitudinem</span> <span class='ocrx_word' id='word_1_176' title='bbox 938 1316 1041 1343; x_wconf 90' lang='lat' dir='ltr'>uero</span> <span class='ocrx_word' id='word_1_177' title='bbox 1075 1301 1147 1343; x_wconf 92' lang='lat' dir='ltr'>uel</span> <span class='ocrx_word' id='word_1_178' title='bbox 1183 1301 1464 1343; x_wconf 85' lang='lat' dir='ltr'>latitudinem</span> <span class='ocrx_word' id='word_1_179' title='bbox 1494 1301 1541 1343; x_wconf 92' lang='lat' dir='ltr'>in</span> <span class='ocrx_word' id='word_1_180' title='bbox 1577 1301 1780 1358; x_wconf 61' lang='lat' dir='ltr'>spiritum,</span> 
     </span>
     <span class='ocr_line' id='line_1_26' title="bbox 97 1357 761 1416; baseline 0.002 -16"><span class='ocrx_word' id='word_1_181' title='bbox 97 1358 447 1416; x_wconf 88' lang='lat' dir='ltr'>longuitudinem</span> <span class='ocrx_word' id='word_1_182' title='bbox 478 1357 524 1400; x_wconf 91' lang='lat' dir='ltr'>in</span> <span class='ocrx_word' id='word_1_183' title='bbox 555 1367 761 1414; x_wconf 90' lang='lat' dir='ltr'>tempore.</span> 
     </span>
    </p>
   </div>
   <div class='ocr_carea' id='block_1_4' title="bbox 22 1522 1980 2222">
    <p class='ocr_par' dir='ltr' id='par_1_4' title="bbox 22 1522 1980 2222">
     <span class='ocr_line' id='line_1_27' title="bbox 37 1522 1904 1582; baseline 0.002 -18"><span class='ocrx_word' id='word_1_184' title='bbox 37 1539 82 1564; x_wconf 66' lang='lat' dir='ltr'>ao</span> <span class='ocrx_word' id='word_1_185' title='bbox 187 1525 253 1568; x_wconf 93' lang='grc'><strong>10.</strong></span> <span class='ocrx_word' id='word_1_186' title='bbox 313 1524 351 1567; x_wconf 88' lang='lat' dir='ltr'>.i.</span> <span class='ocrx_word' id='word_1_187' title='bbox 372 1523 436 1567; x_wconf 79' lang='lat' dir='ltr'>hit</span> <span class='ocrx_word' id='word_1_188' title='bbox 455 1524 646 1568; x_wconf 77' lang='lat' dir='ltr'>cene&#39;lcha</span> <span class='ocrx_word' id='word_1_189' title='bbox 673 1524 762 1566; x_wconf 78' lang='lat' dir='ltr'>sidi</span> <span class='ocrx_word' id='word_1_190' title='bbox 784 1524 942 1580; x_wconf 73' lang='lat' dir='ltr'>doyuth</span> <span class='ocrx_word' id='word_1_191' title='bbox 1062 1527 1127 1566; x_wconf 95' lang='grc'><strong>11.</strong></span> <span class='ocrx_word' id='word_1_192' title='bbox 1191 1525 1255 1580; x_wconf 90' lang='lat' dir='ltr'>[in</span> <span class='ocrx_word' id='word_1_193' title='bbox 1284 1525 1437 1582; x_wconf 73' lang='lat' dir='ltr'>marg]</span> <span class='ocrx_word' id='word_1_194' title='bbox 1458 1525 1496 1567; x_wconf 93' lang='lat' dir='ltr'>.i.</span> <span class='ocrx_word' id='word_1_195' title='bbox 1522 1525 1623 1568; x_wconf 83' lang='lat' dir='ltr'>cach</span> <span class='ocrx_word' id='word_1_196' title='bbox 1647 1526 1783 1581; x_wconf 65' lang='lat' dir='ltr'>ymtis</span> <span class='ocrx_word' id='word_1_197' title='bbox 1799 1522 1836 1555; x_wconf 84' lang='lat' dir='ltr'>P·</span> <span class='ocrx_word' id='word_1_198' title='bbox 1857 1523 1904 1574; x_wconf 70' lang='lat'>33³</span> 
     </span>
     <span class='ocr_line' id='line_1_28' title="bbox 88 1566 1980 1639; baseline 0.001 -15"><span class='ocrx_word' id='word_1_199' title='bbox 88 1581 148 1639; x_wconf 85' lang='lat' dir='ltr'>fil</span> <span class='ocrx_word' id='word_1_200' title='bbox 177 1582 266 1625; x_wconf 81' lang='lat' dir='ltr'>and</span> <span class='ocrx_word' id='word_1_201' title='bbox 294 1588 370 1625; x_wconf 82' lang='lat' dir='ltr'>ata</span> <span class='ocrx_word' id='word_1_202' title='bbox 399 1582 550 1626; x_wconf 81' lang='lat' dir='ltr'>dechor</span> <span class='ocrx_word' id='word_1_203' title='bbox 579 1583 876 1639; x_wconf 73' lang='lat' dir='ltr'>imnwfolnyat</span> <span class='ocrx_word' id='word_1_204' title='bbox 907 1582 1181 1625; x_wconf 78' lang='lat' dir='ltr'>trianemnad</span> <span class='ocrx_word' id='word_1_205' title='bbox 1210 1589 1262 1625; x_wconf 93' lang='lat' dir='ltr'>ut</span> <span class='ocrx_word' id='word_1_206' title='bbox 1291 1583 1484 1625; x_wconf 86' lang='lat' dir='ltr'>diximus</span> <span class='ocrx_word' id='word_1_207' title='bbox 1507 1607 1515 1615; x_wconf 93' lang='lat'><strong>·</strong></span> <span class='ocrx_word' id='word_1_208' title='bbox 1798 1566 1980 1598; x_wconf 70' lang='lat' dir='ltr'>connum-«1</span> 
     </span>
     <span class='ocr_line' id='line_1_29' title="bbox 187 1640 1908 1696; baseline 0.001 -14"><span class='ocrx_word' id='word_1_209' title='bbox 187 1643 225 1683; x_wconf 93' lang='lat'>1.</span> <span class='ocrx_word' id='word_1_210' title='bbox 285 1640 324 1683; x_wconf 89' lang='lat' dir='ltr'>.i.</span> <span class='ocrx_word' id='word_1_211' title='bbox 344 1640 628 1684; x_wconf 74' lang='lat' dir='ltr'>hicoindeulc¹=</span> <span class='ocrx_word' id='word_1_212' title='bbox 647 1641 816 1696; x_wconf 73' lang='lat' dir='ltr'>inyotko</span> <span class='ocrx_word' id='word_1_213' title='bbox 836 1641 1300 1684; x_wconf 73' lang='lat' dir='ltr'>comtherchomraicthi</span> <span class='ocrx_word' id='word_1_214' title='bbox 1324 1642 1468 1684; x_wconf 79' lang='lat' dir='ltr'>olitrib</span> <span class='ocrx_word' id='word_1_215' title='bbox 1646 1644 1682 1685; x_wconf 86' lang='lat'>2.</span> <span class='ocrx_word' id='word_1_216' title='bbox 1744 1642 1781 1684; x_wconf 89' lang='lat' dir='ltr'>.i.</span> <span class='ocrx_word' id='word_1_217' title='bbox 1800 1641 1839 1675; x_wconf 87' lang='lat' dir='ltr'>P.</span> <span class='ocrx_word' id='word_1_218' title='bbox 1859 1642 1908 1674; x_wconf 89' lang='lat' dir='ltr'>3b</span> 
     </span>
     <span class='ocr_line' id='line_1_30' title="bbox 98 1698 1783 1743; baseline 0.001 -1"><span class='ocrx_word' id='word_1_219' title='bbox 98 1698 283 1742; x_wconf 77' lang='lat' dir='ltr'>deithbir</span> <span class='ocrx_word' id='word_1_220' title='bbox 302 1698 425 1741; x_wconf 83' lang='lat' dir='ltr'>limm</span> <span class='ocrx_word' id='word_1_221' title='bbox 446 1699 635 1742; x_wconf 81' lang='lat' dir='ltr'>nalitrae</span> <span class='ocrx_word' id='word_1_222' title='bbox 650 1698 859 1742; x_wconf 77' lang='lat' dir='ltr'>olchae‘nae</span> <span class='ocrx_word' id='word_1_223' title='bbox 976 1701 1012 1741; x_wconf 85' lang='lat'>3.</span> <span class='ocrx_word' id='word_1_224' title='bbox 1064 1700 1226 1742; x_wconf 63' lang='lat' dir='ltr'>innam?</span> <span class='ocrx_word' id='word_1_225' title='bbox 1339 1702 1377 1742; x_wconf 84' lang='lat'>4.</span> <span class='ocrx_word' id='word_1_226' title='bbox 1430 1700 1465 1742; x_wconf 91' lang='lat' dir='ltr'>.i.</span> <span class='ocrx_word' id='word_1_227' title='bbox 1482 1700 1783 1743; x_wconf 80' lang='lat' dir='ltr'>ualenomnaib</span> 
     </span>
     <span class='ocr_line' id='line_1_31' title="bbox 101 1756 1783 1814; baseline 0.001 -15"><span class='ocrx_word' id='word_1_228' title='bbox 101 1760 138 1799; x_wconf 86' lang='lat'>5.</span> <span class='ocrx_word' id='word_1_229' title='bbox 199 1756 457 1800; x_wconf 62' lang='lat' dir='ltr'>Con-&lt;sentius⁴</span> <span class='ocrx_word' id='word_1_230' title='bbox 476 1758 514 1800; x_wconf 88' lang='lat' dir='ltr'>.i.</span> <span class='ocrx_word' id='word_1_231' title='bbox 535 1757 757 1800; x_wconf 82' lang='lat' dir='ltr'>timmorta</span> <span class='ocrx_word' id='word_1_232' title='bbox 778 1757 827 1799; x_wconf 93' lang='lat' dir='ltr'>li·</span> <span class='ocrx_word' id='word_1_233' title='bbox 850 1758 956 1814; x_wconf 82' lang='lat' dir='ltr'>quia</span> <span class='ocrx_word' id='word_1_234' title='bbox 976 1763 1215 1813; x_wconf 81' lang='lat' dir='ltr'>correptum</span> <span class='ocrx_word' id='word_1_235' title='bbox 1236 1757 1332 1814; x_wconf 89' lang='lat' dir='ltr'>lego</span> <span class='ocrx_word' id='word_1_236' title='bbox 1353 1769 1378 1812; x_wconf 93' lang='lat'><strong><em>7</em></strong></span> <span class='ocrx_word' id='word_1_237' title='bbox 1402 1759 1436 1800; x_wconf 90' lang='lat' dir='ltr'>si</span> <span class='ocrx_word' id='word_1_238' title='bbox 1459 1773 1485 1800; x_wconf 87' lang='lat' dir='ltr'>a</span> <span class='ocrx_word' id='word_1_239' title='bbox 1506 1759 1595 1800; x_wconf 91' lang='lat' dir='ltr'>lino</span> <span class='ocrx_word' id='word_1_240' title='bbox 1616 1773 1783 1814; x_wconf 78' lang='lat' dir='ltr'>correp-</span> 
     </span>
     <span class='ocr_line' id='line_1_32' title="bbox 41 1815 1784 1874; baseline 0 -15"><span class='ocrx_word' id='word_1_241' title='bbox 41 1828 81 1860; x_wconf 75' lang='lat'>25</span> <span class='ocrx_word' id='word_1_242' title='bbox 100 1821 188 1858; x_wconf 72' lang='lat' dir='ltr'>tum</span> <span class='ocrx_word' id='word_1_243' title='bbox 222 1815 318 1868; x_wconf 24' lang='lat'><strong><em>772&#39;8</em></strong></span> <span class='ocrx_word' id='word_1_244' title='bbox 347 1815 598 1872; x_wconf 78' lang='lat' dir='ltr'>epenthesis</span> <span class='ocrx_word' id='word_1_245' title='bbox 626 1815 772 1858; x_wconf 75' lang='lat' dir='ltr'>dobeir</span> <span class='ocrx_word' id='word_1_246' title='bbox 803 1821 860 1858; x_wconf 86' lang='lat' dir='ltr'>-t·</span> <span class='ocrx_word' id='word_1_247' title='bbox 892 1816 1010 1858; x_wconf 76' lang='lat' dir='ltr'>nand</span> <span class='ocrx_word' id='word_1_248' title='bbox 1040 1816 1335 1872; x_wconf 72' lang='lat' dir='ltr'>doimmolzmy</span> <span class='ocrx_word' id='word_1_249' title='bbox 1355 1816 1455 1873; x_wconf 84' lang='lat' dir='ltr'>fuit</span> <span class='ocrx_word' id='word_1_250' title='bbox 1484 1816 1602 1874; x_wconf 87' lang='lat' dir='ltr'>apud</span> <span class='ocrx_word' id='word_1_251' title='bbox 1632 1822 1784 1873; x_wconf 85' lang='lat' dir='ltr'>poetas</span> 
     </span>
     <span class='ocr_line' id='line_1_33' title="bbox 22 1873 1785 1930; baseline 0.002 -15"><span class='ocrx_word' id='word_1_252' title='bbox 22 1902 25 1903; x_wconf 28' lang='grc' dir='ltr'><em>ν</em></span> <span class='ocrx_word' id='word_1_253' title='bbox 99 1873 268 1929; x_wconf 80' lang='lat' dir='ltr'>reliqua</span> <span class='ocrx_word' id='word_1_254' title='bbox 371 1875 409 1917; x_wconf 89' lang='lat'>6.</span> <span class='ocrx_word' id='word_1_255' title='bbox 461 1874 498 1916; x_wconf 89' lang='lat' dir='ltr'>.i.</span> <span class='ocrx_word' id='word_1_256' title='bbox 515 1879 708 1930; x_wconf 81' lang='lat' dir='ltr'>oepertar</span> <span class='ocrx_word' id='word_1_257' title='bbox 723 1873 820 1916; x_wconf 78' lang='lat' dir='ltr'>doib</span> <span class='ocrx_word' id='word_1_258' title='bbox 838 1874 1061 1930; x_wconf 87' lang='lat' dir='ltr'>ylementa</span> <span class='ocrx_word' id='word_1_259' title='bbox 1164 1874 1202 1917; x_wconf 82' lang='lat'>7.</span> <span class='ocrx_word' id='word_1_260' title='bbox 1251 1874 1488 1917; x_wconf 71' lang='lat' dir='ltr'>iuuandule</span> <span class='ocrx_word' id='word_1_261' title='bbox 1596 1877 1633 1917; x_wconf 90' lang='grc'>8.</span> <span class='ocrx_word' id='word_1_262' title='bbox 1685 1875 1785 1918; x_wconf 78' lang='lat' dir='ltr'>each</span> 
     </span>
     <span class='ocr_line' id='line_1_34' title="bbox 100 1931 1784 1990; baseline 0.002 -16"><span class='ocrx_word' id='word_1_263' title='bbox 100 1931 150 1974; x_wconf 76' lang='lat' dir='ltr'>di</span> <span class='ocrx_word' id='word_1_264' title='bbox 168 1931 270 1974; x_wconf 61' lang='lat' dir='ltr'>dail</span> <span class='ocrx_word' id='word_1_265' title='bbox 290 1932 458 1987; x_wconf 80' lang='lat' dir='ltr'>reliqua</span> <span class='ocrx_word' id='word_1_266' title='bbox 575 1934 613 1975; x_wconf 89' lang='grc'>9.</span> <span class='ocrx_word' id='word_1_267' title='bbox 665 1931 854 1975; x_wconf 68' lang='lat' dir='ltr'>innuileb</span> <span class='ocrx_word' id='word_1_268' title='bbox 971 1934 1037 1975; x_wconf 92' lang='grc'>10.</span> <span class='ocrx_word' id='word_1_269' title='bbox 1088 1932 1126 1974; x_wconf 91' lang='lat' dir='ltr'>.i.</span> <span class='ocrx_word' id='word_1_270' title='bbox 1148 1947 1247 1989; x_wconf 81' lang='lat' dir='ltr'>corp</span> <span class='ocrx_word' id='word_1_271' title='bbox 1260 1933 1359 1975; x_wconf 74' lang='lat' dir='ltr'>suin</span> <span class='ocrx_word' id='word_1_272' title='bbox 1477 1936 1543 1976; x_wconf 92' lang='grc'><strong>11.</strong></span> <span class='ocrx_word' id='word_1_273' title='bbox 1596 1949 1621 1990; x_wconf 88' lang='grc'>7</span> <span class='ocrx_word' id='word_1_274' title='bbox 1643 1934 1784 1989; x_wconf 77' lang='lat' dir='ltr'>iscorp</span> 
     </span>
     <span class='ocr_line' id='line_1_35' title="bbox 103 1989 1784 2048; baseline 0.002 -17"><span class='ocrx_word' id='word_1_275' title='bbox 103 1991 171 2033; x_wconf 84' lang='lat'>12.</span> <span class='ocrx_word' id='word_1_276' title='bbox 229 1990 328 2033; x_wconf 80' lang='lat' dir='ltr'>cani</span> <span class='ocrx_word' id='word_1_277' title='bbox 356 1989 539 2033; x_wconf 77' lang='lat' dir='ltr'>deithbir</span> <span class='ocrx_word' id='word_1_278' title='bbox 572 1990 609 2032; x_wconf 88' lang='lat' dir='ltr'>si</span> <span class='ocrx_word' id='word_1_279' title='bbox 644 1990 818 2032; x_wconf 89' lang='lat' dir='ltr'>dicatur</span> <span class='ocrx_word' id='word_1_280' title='bbox 847 2005 1000 2047; x_wconf 86' lang='lat' dir='ltr'>corpus</span> <span class='ocrx_word' id='word_1_281' title='bbox 1029 1991 1251 2047; x_wconf 90' lang='lat' dir='ltr'>proprium</span> <span class='ocrx_word' id='word_1_282' title='bbox 1288 1997 1356 2033; x_wconf 84' lang='lat' dir='ltr'>est</span> <span class='ocrx_word' id='word_1_283' title='bbox 1386 1992 1574 2047; x_wconf 88' lang='lat' dir='ltr'>corporis</span> <span class='ocrx_word' id='word_1_284' title='bbox 1605 1998 1784 2048; x_wconf 86' lang='lat' dir='ltr'>tangere</span> 
     </span>
     <span class='ocr_line' id='line_1_36' title="bbox 101 2048 1786 2105; baseline 0.002 -15"><span class='ocrx_word' id='word_1_285' title='bbox 101 2054 148 2090; x_wconf 86' lang='lat' dir='ltr'>et</span> <span class='ocrx_word' id='word_1_286' title='bbox 180 2048 303 2105; x_wconf 88' lang='lat' dir='ltr'>tangi</span> <span class='ocrx_word' id='word_1_287' title='bbox 335 2053 382 2091; x_wconf 90' lang='lat' dir='ltr'>et</span> <span class='ocrx_word' id='word_1_288' title='bbox 413 2048 554 2090; x_wconf 91' lang='lat' dir='ltr'>diuidi</span> <span class='ocrx_word' id='word_1_289' title='bbox 587 2049 756 2104; x_wconf 78' lang='lat' dir='ltr'>reliqua</span> <span class='ocrx_word' id='word_1_290' title='bbox 934 2051 999 2092; x_wconf 86' lang='lat'>13.</span> <span class='ocrx_word' id='word_1_291' title='bbox 1058 2049 1265 2091; x_wconf 69' lang='lat' dir='ltr'>inda-sian</span> <span class='ocrx_word' id='word_1_292' title='bbox 1298 2050 1334 2092; x_wconf 90' lang='lat' dir='ltr'>.i.</span> <span class='ocrx_word' id='word_1_293' title='bbox 1370 2049 1578 2093; x_wconf 66' lang='grc' dir='ltr'>ἰ’τηῖνιιοατῖο</span> <span class='ocrx_word' id='word_1_294' title='bbox 1612 2051 1632 2091; x_wconf 70' lang='lat' dir='ltr'>l</span> <span class='ocrx_word' id='word_1_295' title='bbox 1668 2050 1786 2093; x_wconf 75' lang='lat' dir='ltr'>lethit</span> 
     </span>
     <span class='ocr_line' id='line_1_37' title="bbox 40 2106 1786 2165; baseline 0 -15"><span class='ocrx_word' id='word_1_296' title='bbox 40 2118 85 2151; x_wconf 72' lang='lat'>30</span> <span class='ocrx_word' id='word_1_297' title='bbox 104 2108 170 2149; x_wconf 78' lang='lat'>14.</span> <span class='ocrx_word' id='word_1_298' title='bbox 229 2106 270 2149; x_wconf 90' lang='lat' dir='ltr'>.i.</span> <span class='ocrx_word' id='word_1_299' title='bbox 292 2106 400 2149; x_wconf 80' lang='lat' dir='ltr'>dind</span> <span class='ocrx_word' id='word_1_300' title='bbox 421 2107 562 2150; x_wconf 76' lang='lat' dir='ltr'>trediu</span> <span class='ocrx_word' id='word_1_301' title='bbox 581 2107 847 2163; x_wconf 79' lang='lat' dir='ltr'>remeperthu</span> <span class='ocrx_word' id='word_1_302' title='bbox 980 2110 1045 2149; x_wconf 85' lang='lat'>15.</span> <span class='ocrx_word' id='word_1_303' title='bbox 1106 2108 1315 2151; x_wconf 74' lang='lat' dir='ltr'>cenmitka</span> <span class='ocrx_word' id='word_1_304' title='bbox 1333 2107 1575 2165; x_wconf 65' lang='lat' dir='ltr'>fodailterd</span> <span class='ocrx_word' id='word_1_305' title='bbox 1594 2108 1786 2151; x_wconf 74' lang='lat' dir='ltr'>indrann</span> 
     </span>
     <span class='ocr_line' id='line_1_38' title="bbox 101 2165 995 2222; baseline 0.002 -16"><span class='ocrx_word' id='word_1_306' title='bbox 101 2165 215 2207; x_wconf 78' lang='lat' dir='ltr'>insce</span> <span class='ocrx_word' id='word_1_307' title='bbox 331 2166 397 2207; x_wconf 90' lang='lat'>16.</span> <span class='ocrx_word' id='word_1_308' title='bbox 459 2165 495 2207; x_wconf 94' lang='lat' dir='ltr'>.i.</span> <span class='ocrx_word' id='word_1_309' title='bbox 526 2165 732 2208; x_wconf 78' lang='lat' dir='ltr'>indasian</span> <span class='ocrx_word' id='word_1_310' title='bbox 761 2167 782 2207; x_wconf 76' lang='grc' dir='ltr'>Ῐ</span> <span class='ocrx_word' id='word_1_311' title='bbox 813 2165 995 2222; x_wconf 71' lang='lat' dir='ltr'>psilite8⁶</span> 
     </span>
    </p>
   </div>
   <div class='ocr_carea' id='block_1_5' title="bbox 27 2323 1983 3026">
    <p class='ocr_par' dir='ltr' id='par_1_5' title="bbox 27 2323 1983 2471">
     <span class='ocr_line' id='line_1_39' title="bbox 27 2323 1912 2378; baseline 0.002 -17"><span class='ocrx_word' id='word_1_312' title='bbox 27 2375 33 2378; x_wconf 89' lang='lat'>.</span> <span class='ocrx_word' id='word_1_313' title='bbox 186 2323 247 2362; x_wconf 93' lang='grc'><strong>10.</strong></span> <span class='ocrx_word' id='word_1_314' title='bbox 304 2323 367 2363; x_wconf 87' lang='lat' dir='ltr'>i.e.</span> <span class='ocrx_word' id='word_1_315' title='bbox 389 2323 503 2362; x_wconf 84' lang='lat' dir='ltr'>these</span> <span class='ocrx_word' id='word_1_316' title='bbox 520 2336 590 2362; x_wconf 83' lang='lat' dir='ltr'>are</span> <span class='ocrx_word' id='word_1_317' title='bbox 608 2324 771 2374; x_wconf 85' lang='lat' dir='ltr'>general</span> <span class='ocrx_word' id='word_1_318' title='bbox 789 2328 834 2362; x_wconf 87' lang='lat' dir='ltr'>to</span> <span class='ocrx_word' id='word_1_319' title='bbox 853 2324 974 2362; x_wconf 90' lang='lat' dir='ltr'>voice.</span> <span class='ocrx_word' id='word_1_320' title='bbox 1108 2325 1169 2363; x_wconf 90' lang='lat'>11.</span> <span class='ocrx_word' id='word_1_321' title='bbox 1227 2325 1289 2364; x_wconf 88' lang='lat' dir='ltr'>i.e.</span> <span class='ocrx_word' id='word_1_322' title='bbox 1311 2337 1434 2376; x_wconf 81' lang='lat' dir='ltr'>every</span> <span class='ocrx_word' id='word_1_323' title='bbox 1451 2329 1590 2375; x_wconf 84' lang='lat' dir='ltr'>aspect</span> <span class='ocrx_word' id='word_1_324' title='bbox 1609 2324 1784 2377; x_wconf 75' lang='lat' dir='ltr'>(species)</span> <span class='ocrx_word' id='word_1_325' title='bbox 1803 2325 1842 2357; x_wconf 92' lang='lat' dir='ltr'>P·</span> <span class='ocrx_word' id='word_1_326' title='bbox 1860 2326 1912 2377; x_wconf 38' lang='lat'>308</span> 
     </span>
     <span class='ocr_line' id='line_1_40' title="bbox 43 2369 1983 2470; baseline 0.001 -55"><span class='ocrx_word' id='word_1_327' title='bbox 43 2377 54 2382; x_wconf 61' lang='grc'><strong>“</strong></span> <span class='ocrx_word' id='word_1_328' title='bbox 102 2377 235 2470; x_wconf 49' lang='lat' dir='ltr'>zhich</span> <span class='ocrx_word' id='word_1_329' title='bbox 267 2378 492 2470; x_wconf 75' lang='lat' dir='ltr'>isdtherein</span> <span class='ocrx_word' id='word_1_330' title='bbox 519 2378 634 2416; x_wconf 86' lang='lat' dir='ltr'>there</span> <span class='ocrx_word' id='word_1_331' title='bbox 661 2379 696 2416; x_wconf 91' lang='lat' dir='ltr'>is</span> <span class='ocrx_word' id='word_1_332' title='bbox 723 2392 749 2416; x_wconf 88' lang='lat' dir='ltr'>a</span> <span class='ocrx_word' id='word_1_333' title='bbox 775 2377 991 2417; x_wconf 82' lang='lat' dir='ltr'>differenoe</span> <span class='ocrx_word' id='word_1_334' title='bbox 1018 2378 1151 2417; x_wconf 86' lang='lat' dir='ltr'>which</span> <span class='ocrx_word' id='word_1_335' title='bbox 1180 2379 1277 2430; x_wconf 88' lang='lat' dir='ltr'>they</span> <span class='ocrx_word' id='word_1_336' title='bbox 1302 2379 1477 2430; x_wconf 87' lang='lat' dir='ltr'>produce</span> <span class='ocrx_word' id='word_1_337' title='bbox 1510 2378 1565 2430; x_wconf 88' lang='lat' dir='ltr'>by</span> <span class='ocrx_word' id='word_1_338' title='bbox 1589 2378 1785 2430; x_wconf 88' lang='lat' dir='ltr'>doubling</span> <span class='ocrx_word' id='word_1_339' title='bbox 1800 2369 1983 2401; x_wconf 67' lang='lat' dir='ltr'>⁶⁰⁷²²²⁷W⁶d</span> 
     </span>
     <span class='ocr_line' id='line_1_41' title="bbox 103 2432 500 2471; baseline 0 -1"><span class='ocrx_word' id='word_1_340' title='bbox 103 2436 123 2470; x_wconf 75' lang='lat' dir='ltr'>t</span> <span class='ocrx_word' id='word_1_341' title='bbox 151 2444 213 2470; x_wconf 88' lang='lat' dir='ltr'>em</span> <span class='ocrx_word' id='word_1_342' title='bbox 246 2438 292 2470; x_wconf 76' lang='lat' dir='ltr'>ut</span> <span class='ocrx_word' id='word_1_343' title='bbox 339 2432 500 2471; x_wconf 75' lang='lat' dir='ltr'>iaeimus.</span> 
     </span>
    </p>

    <p class='ocr_par' dir='ltr' id='par_1_6' title="bbox 44 2461 1908 2594">
     <span class='ocr_line' id='line_1_42' title="bbox 44 2461 1908 2594; baseline 0.001 -16"><span class='ocrx_word' id='word_1_344' title='bbox 44 2461 1502 2594; x_wconf 46' lang='lat' dir='ltr'>2⁵1...ssss{3420322331‘320333511322355..emm25:³22.)</span> <span class='ocrx_word' id='word_1_345' title='bbox 1720 2489 1782 2580; x_wconf 62' lang='grc' dir='ltr'>ἐξ·</span> <span class='ocrx_word' id='word_1_346' title='bbox 1803 2479 1842 2511; x_wconf 65' lang='lat'>³²·</span> <span class='ocrx_word' id='word_1_347' title='bbox 1860 2479 1908 2511; x_wconf 71' lang='lat'>³¹²</span> 
     </span>
     <span class='ocr_line' id='line_1_43' title="bbox 244 2569 1783 2588; baseline 0.003 -10"><span class='ocrx_word' id='word_1_348' title='bbox 244 2570 254 2588; x_wconf 96' lang='lat'>,</span> <span class='ocrx_word' id='word_1_349' title='bbox 1058 2569 1068 2579; x_wconf 57' lang='lat'><em>2</em></span> <span class='ocrx_word' id='word_1_350' title='bbox 1505 2572 1513 2580; x_wconf 92' lang='lat'>.</span> <span class='ocrx_word' id='word_1_351' title='bbox 1653 2572 1662 2580; x_wconf 88' lang='lat'>.</span> <span class='ocrx_word' id='word_1_352' title='bbox 1737 2574 1745 2581; x_wconf 92' lang='lat'>.</span> <span class='ocrx_word' id='word_1_353' title='bbox 1775 2574 1783 2582; x_wconf 97' lang='lat'>.</span> 
     </span>
    </p>

    <p class='ocr_par' dir='ltr' id='par_1_7' title="bbox 104 2593 1787 2647">
     <span class='ocr_line' id='line_1_44' title="bbox 104 2593 1787 2647; baseline 0.001 -15"><span class='ocrx_word' id='word_1_354' title='bbox 104 2593 175 2632; x_wconf 84' lang='lat' dir='ltr'>the</span> <span class='ocrx_word' id='word_1_355' title='bbox 195 2594 227 2632; x_wconf 77' lang='lat' dir='ltr'>li</span> <span class='ocrx_word' id='word_1_356' title='bbox 248 2595 307 2646; x_wconf 89' lang='lat' dir='ltr'>(in</span> <span class='ocrx_word' id='word_1_357' title='bbox 326 2594 476 2646; x_wconf 70' lang='lat' dir='ltr'>littera)</span> <span class='ocrx_word' id='word_1_358' title='bbox 497 2596 532 2633; x_wconf 87' lang='lat' dir='ltr'>is</span> <span class='ocrx_word' id='word_1_359' title='bbox 551 2596 665 2634; x_wconf 86' lang='lat' dir='ltr'>short</span> <span class='ocrx_word' id='word_1_360' title='bbox 683 2597 853 2634; x_wconf 85' lang='lat' dir='ltr'>because</span> <span class='ocrx_word' id='word_1_361' title='bbox 871 2596 951 2645; x_wconf 59' lang='lat' dir='ltr'>leq&#39;o</span> <span class='ocrx_word' id='word_1_362' title='bbox 970 2596 1005 2634; x_wconf 91' lang='lat' dir='ltr'>is</span> <span class='ocrx_word' id='word_1_363' title='bbox 1023 2595 1149 2643; x_wconf 89' lang='lat' dir='ltr'>short,</span> <span class='ocrx_word' id='word_1_364' title='bbox 1170 2602 1203 2633; x_wconf 77' lang='lat' dir='ltr'>et</span> <span class='ocrx_word' id='word_1_365' title='bbox 1214 2596 1250 2634; x_wconf 72' lang='lat' dir='ltr'>si</span> <span class='ocrx_word' id='word_1_366' title='bbox 1268 2601 1359 2644; x_wconf 66' lang='lat' dir='ltr'>etc„</span> <span class='ocrx_word' id='word_1_367' title='bbox 1380 2596 1460 2634; x_wconf 85' lang='lat' dir='ltr'>and</span> <span class='ocrx_word' id='word_1_368' title='bbox 1479 2596 1514 2634; x_wconf 90' lang='lat' dir='ltr'>it</span> <span class='ocrx_word' id='word_1_369' title='bbox 1533 2596 1568 2633; x_wconf 91' lang='lat' dir='ltr'>is</span> <span class='ocrx_word' id='word_1_370' title='bbox 1593 2610 1646 2634; x_wconf 90' lang='lat' dir='ltr'>an</span> <span class='ocrx_word' id='word_1_371' title='bbox 1671 2609 1787 2647; x_wconf 90' lang='lat' dir='ltr'>epen-</span> 
     </span>
    </p>

    <p class='ocr_par' dir='ltr' id='par_1_8' title="bbox 105 2648 1788 2701">
     <span class='ocr_line' id='line_1_45' title="bbox 105 2648 1788 2701; baseline 0.002 -15"><span class='ocrx_word' id='word_1_372' title='bbox 105 2648 231 2686; x_wconf 82' lang='lat' dir='ltr'>thesis</span> <span class='ocrx_word' id='word_1_373' title='bbox 249 2648 343 2687; x_wconf 79' lang='lat' dir='ltr'>that</span> <span class='ocrx_word' id='word_1_374' title='bbox 361 2650 510 2687; x_wconf 86' lang='lat' dir='ltr'>inserts</span> <span class='ocrx_word' id='word_1_375' title='bbox 528 2663 554 2688; x_wconf 82' lang='lat' dir='ltr'>a</span> <span class='ocrx_word' id='word_1_376' title='bbox 573 2657 587 2688; x_wconf 78' lang='lat' dir='ltr'>t</span> <span class='ocrx_word' id='word_1_377' title='bbox 605 2651 650 2687; x_wconf 89' lang='lat' dir='ltr'>in</span> <span class='ocrx_word' id='word_1_378' title='bbox 668 2651 715 2698; x_wconf 87' lang='lat' dir='ltr'>it,</span> <span class='ocrx_word' id='word_1_379' title='bbox 735 2655 780 2689; x_wconf 87' lang='lat' dir='ltr'>to</span> <span class='ocrx_word' id='word_1_380' title='bbox 798 2651 917 2688; x_wconf 87' lang='lat' dir='ltr'>make</span> <span class='ocrx_word' id='word_1_381' title='bbox 935 2650 1077 2701; x_wconf 87' lang='lat' dir='ltr'>length</span> <span class='ocrx_word' id='word_1_382' title='bbox 1095 2650 1139 2687; x_wconf 92' lang='lat' dir='ltr'>in</span> <span class='ocrx_word' id='word_1_383' title='bbox 1159 2650 1230 2688; x_wconf 91' lang='lat' dir='ltr'>the</span> <span class='ocrx_word' id='word_1_384' title='bbox 1248 2655 1373 2701; x_wconf 88' lang='lat' dir='ltr'>poets,</span> <span class='ocrx_word' id='word_1_385' title='bbox 1395 2654 1470 2689; x_wconf 84' lang='lat' dir='ltr'>etc.</span> <span class='ocrx_word' id='word_1_386' title='bbox 1576 2650 1610 2689; x_wconf 90' lang='grc'>6.</span> <span class='ocrx_word' id='word_1_387' title='bbox 1659 2651 1721 2690; x_wconf 91' lang='lat' dir='ltr'>i.e.</span> <span class='ocrx_word' id='word_1_388' title='bbox 1743 2664 1788 2689; x_wconf 88' lang='lat' dir='ltr'>so</span> 
     </span>
    </p>

    <p class='ocr_par' dir='ltr' id='par_1_9' title="bbox 104 2702 1784 2755">
     <span class='ocr_line' id='line_1_46' title="bbox 104 2702 1784 2755; baseline 0.002 -15"><span class='ocrx_word' id='word_1_389' title='bbox 104 2702 198 2741; x_wconf 83' lang='lat' dir='ltr'>that</span> <span class='ocrx_word' id='word_1_390' title='bbox 215 2702 315 2754; x_wconf 79' lang='lat' dir='ltr'>they</span> <span class='ocrx_word' id='word_1_391' title='bbox 332 2716 402 2742; x_wconf 87' lang='lat' dir='ltr'>are</span> <span class='ocrx_word' id='word_1_392' title='bbox 419 2703 547 2742; x_wconf 82' lang='lat' dir='ltr'>called</span> <span class='ocrx_word' id='word_1_393' title='bbox 566 2704 759 2742; x_wconf 73' lang='lat' dir='ltr'>elenwnta.</span> <span class='ocrx_word' id='word_1_394' title='bbox 854 2705 891 2744; x_wconf 90' lang='grc'>8.</span> <span class='ocrx_word' id='word_1_395' title='bbox 938 2718 1059 2755; x_wconf 86' lang='lat' dir='ltr'>every</span> <span class='ocrx_word' id='word_1_396' title='bbox 1074 2709 1157 2742; x_wconf 89' lang='lat' dir='ltr'>two</span> <span class='ocrx_word' id='word_1_397' title='bbox 1175 2704 1369 2743; x_wconf 89' lang='lat' dir='ltr'>elements</span> <span class='ocrx_word' id='word_1_398' title='bbox 1388 2703 1488 2755; x_wconf 86' lang='lat' dir='ltr'>(two</span> <span class='ocrx_word' id='word_1_399' title='bbox 1507 2703 1561 2755; x_wconf 92' lang='lat' dir='ltr'>by</span> <span class='ocrx_word' id='word_1_400' title='bbox 1581 2707 1692 2755; x_wconf 86' lang='lat' dir='ltr'>two),</span> <span class='ocrx_word' id='word_1_401' title='bbox 1709 2709 1784 2743; x_wconf 83' lang='lat' dir='ltr'>etc.</span> 
     </span>
    </p>

    <p class='ocr_par' dir='ltr' id='par_1_10' title="bbox 106 2756 1784 2810">
     <span class='ocr_line' id='line_1_47' title="bbox 106 2756 1784 2810; baseline 0.001 -15"><span class='ocrx_word' id='word_1_402' title='bbox 106 2756 143 2795; x_wconf 83' lang='lat'>9.</span> <span class='ocrx_word' id='word_1_403' title='bbox 199 2756 254 2794; x_wconf 81' lang='lat' dir='ltr'>all</span> <span class='ocrx_word' id='word_1_404' title='bbox 288 2757 349 2808; x_wconf 88' lang='lat' dir='ltr'>(in</span> <span class='ocrx_word' id='word_1_405' title='bbox 385 2757 457 2796; x_wconf 90' lang='lat' dir='ltr'>the</span> <span class='ocrx_word' id='word_1_406' title='bbox 493 2759 723 2797; x_wconf 83' lang='lat' dir='ltr'>accusative</span> <span class='ocrx_word' id='word_1_407' title='bbox 760 2759 847 2810; x_wconf 87' lang='lat' dir='ltr'>sg.).</span> <span class='ocrx_word' id='word_1_408' title='bbox 1017 2759 1076 2797; x_wconf 91' lang='lat'>10.</span> <span class='ocrx_word' id='word_1_409' title='bbox 1135 2759 1198 2797; x_wconf 90' lang='lat' dir='ltr'>i.e.</span> <span class='ocrx_word' id='word_1_410' title='bbox 1234 2759 1304 2797; x_wconf 91' lang='lat' dir='ltr'>the</span> <span class='ocrx_word' id='word_1_411' title='bbox 1341 2757 1448 2809; x_wconf 90' lang='lat' dir='ltr'>body</span> <span class='ocrx_word' id='word_1_412' title='bbox 1481 2758 1525 2796; x_wconf 83' lang='lat' dir='ltr'>of</span> <span class='ocrx_word' id='word_1_413' title='bbox 1559 2758 1631 2796; x_wconf 91' lang='lat' dir='ltr'>the</span> <span class='ocrx_word' id='word_1_414' title='bbox 1663 2759 1784 2797; x_wconf 89' lang='lat' dir='ltr'>word.</span> 
     </span>
    </p>

    <p class='ocr_par' dir='ltr' id='par_1_11' title="bbox 109 2810 1788 2864">
     <span class='ocr_line' id='line_1_48' title="bbox 109 2810 1788 2864; baseline 0.002 -16"><span class='ocrx_word' id='word_1_415' title='bbox 109 2810 170 2848; x_wconf 90' lang='lat'>11.</span> <span class='ocrx_word' id='word_1_416' title='bbox 227 2812 363 2850; x_wconf 78' lang='lat' dir='ltr'>audit</span> <span class='ocrx_word' id='word_1_417' title='bbox 380 2812 415 2850; x_wconf 86' lang='lat' dir='ltr'>is</span> <span class='ocrx_word' id='word_1_418' title='bbox 434 2825 460 2849; x_wconf 85' lang='lat' dir='ltr'>a</span> <span class='ocrx_word' id='word_1_419' title='bbox 478 2811 594 2864; x_wconf 88' lang='lat' dir='ltr'>body.</span> <span class='ocrx_word' id='word_1_420' title='bbox 765 2814 825 2852; x_wconf 88' lang='lat'>12.</span> <span class='ocrx_word' id='word_1_421' title='bbox 883 2813 918 2851; x_wconf 88' lang='lat' dir='ltr'>is</span> <span class='ocrx_word' id='word_1_422' title='bbox 943 2813 979 2850; x_wconf 81' lang='lat' dir='ltr'>it</span> <span class='ocrx_word' id='word_1_423' title='bbox 1003 2817 1077 2850; x_wconf 87' lang='lat' dir='ltr'>not</span> <span class='ocrx_word' id='word_1_424' title='bbox 1101 2812 1240 2850; x_wconf 81' lang='lat' dir='ltr'>lawful</span> <span class='ocrx_word' id='word_1_425' title='bbox 1266 2813 1314 2860; x_wconf 72' lang='lat' dir='ltr'>si,</span> <span class='ocrx_word' id='word_1_426' title='bbox 1335 2817 1411 2851; x_wconf 84' lang='lat' dir='ltr'>etc.</span> <span class='ocrx_word' id='word_1_427' title='bbox 1582 2813 1642 2851; x_wconf 89' lang='lat'>13.</span> <span class='ocrx_word' id='word_1_428' title='bbox 1700 2814 1788 2851; x_wconf 89' lang='lat' dir='ltr'>into</span> 
     </span>
    </p>

    <p class='ocr_par' dir='ltr' id='par_1_12' title="bbox 106 2864 1788 2918">
     <span class='ocr_line' id='line_1_49' title="bbox 106 2864 1788 2918; baseline 0.002 -16"><span class='ocrx_word' id='word_1_429' title='bbox 106 2864 326 2915; x_wconf 86' lang='lat' dir='ltr'>roughness</span> <span class='ocrx_word' id='word_1_430' title='bbox 355 2865 555 2918; x_wconf 81' lang='grc' dir='ltr'>(δασεῖαν),</span> <span class='ocrx_word' id='word_1_431' title='bbox 585 2867 646 2907; x_wconf 90' lang='lat' dir='ltr'>i.e.</span> <span class='ocrx_word' id='word_1_432' title='bbox 677 2867 767 2905; x_wconf 85' lang='lat' dir='ltr'>into</span> <span class='ocrx_word' id='word_1_433' title='bbox 794 2867 968 2905; x_wconf 83' lang='lat' dir='ltr'>softness</span> <span class='ocrx_word' id='word_1_434' title='bbox 996 2880 1042 2905; x_wconf 90' lang='lat' dir='ltr'>or</span> <span class='ocrx_word' id='word_1_435' title='bbox 1069 2866 1254 2904; x_wconf 82' lang='lat' dir='ltr'>breadth.</span> <span class='ocrx_word' id='word_1_436' title='bbox 1313 2903 1316 2905; x_wconf 88' lang='lat'>.</span> <span class='ocrx_word' id='word_1_437' title='bbox 1435 2867 1495 2905; x_wconf 87' lang='lat'>14.</span> <span class='ocrx_word' id='word_1_438' title='bbox 1554 2867 1616 2906; x_wconf 93' lang='lat' dir='ltr'>i.e.</span> <span class='ocrx_word' id='word_1_439' title='bbox 1647 2867 1691 2905; x_wconf 79' lang='lat' dir='ltr'>of</span> <span class='ocrx_word' id='word_1_440' title='bbox 1718 2867 1788 2906; x_wconf 91' lang='lat' dir='ltr'>the</span> 
     </span>
    </p>

    <p class='ocr_par' dir='ltr' id='par_1_13' title="bbox 105 2918 1785 2972">
     <span class='ocr_line' id='line_1_50' title="bbox 105 2918 1785 2972; baseline 0.002 -16"><span class='ocrx_word' id='word_1_441' title='bbox 105 2918 221 2957; x_wconf 86' lang='lat' dir='ltr'>three</span> <span class='ocrx_word' id='word_1_442' title='bbox 238 2919 378 2970; x_wconf 83' lang='lat' dir='ltr'>things</span> <span class='ocrx_word' id='word_1_443' title='bbox 395 2920 607 2960; x_wconf 85' lang='lat' dir='ltr'>aforesaid.</span> <span class='ocrx_word' id='word_1_444' title='bbox 727 2922 788 2959; x_wconf 89' lang='grc'>15.</span> <span class='ocrx_word' id='word_1_445' title='bbox 846 2920 1003 2960; x_wconf 88' lang='lat' dir='ltr'>besides</span> <span class='ocrx_word' id='word_1_446' title='bbox 1021 2921 1116 2959; x_wconf 86' lang='lat' dir='ltr'>that</span> <span class='ocrx_word' id='word_1_447' title='bbox 1134 2921 1205 2959; x_wconf 86' lang='lat' dir='ltr'>the</span> <span class='ocrx_word' id='word_1_448' title='bbox 1223 2925 1318 2971; x_wconf 82' lang='lat' dir='ltr'>part</span> <span class='ocrx_word' id='word_1_449' title='bbox 1336 2920 1380 2959; x_wconf 84' lang='lat' dir='ltr'>of</span> <span class='ocrx_word' id='word_1_450' title='bbox 1397 2921 1539 2972; x_wconf 88' lang='lat' dir='ltr'>speech</span> <span class='ocrx_word' id='word_1_451' title='bbox 1558 2921 1594 2959; x_wconf 86' lang='lat' dir='ltr'>is</span> <span class='ocrx_word' id='word_1_452' title='bbox 1611 2920 1785 2961; x_wconf 89' lang='lat' dir='ltr'>divided.</span> 
     </span>
    </p>

    <p class='ocr_par' dir='ltr' id='par_1_14' title="bbox 109 2971 847 3026">
     <span class='ocr_line' id='line_1_51' title="bbox 109 2971 847 3026; baseline 0.005 -16"><span class='ocrx_word' id='word_1_453' title='bbox 109 2971 171 3012; x_wconf 88' lang='grc'>16.</span> <span class='ocrx_word' id='word_1_454' title='bbox 228 2973 290 3013; x_wconf 89' lang='lat' dir='ltr'>i.e.</span> <span class='ocrx_word' id='word_1_455' title='bbox 311 2974 355 3012; x_wconf 91' lang='lat' dir='ltr'>in</span> <span class='ocrx_word' id='word_1_456' title='bbox 375 2975 594 3026; x_wconf 86' lang='lat' dir='ltr'>roughness</span> <span class='ocrx_word' id='word_1_457' title='bbox 611 2988 658 3014; x_wconf 87' lang='lat' dir='ltr'>or</span> <span class='ocrx_word' id='word_1_458' title='bbox 676 2974 847 3026; x_wconf 82' lang='grc' dir='ltr'><strong>ψιλότης.</strong></span> 
     </span>
    </p>
   </div>
   <div class='ocr_carea' id='block_1_6' title="bbox 366 3078 1482 3295">
    <p class='ocr_par' dir='ltr' id='par_1_15' title="bbox 367 3078 1482 3165">
     <span class='ocr_line' id='line_1_52' title="bbox 367 3078 1482 3118; baseline 0.002 -8"><span class='ocrx_word' id='word_1_459' title='bbox 367 3082 383 3098; x_wconf 85' lang='lat'>⁸</span> <span class='ocrx_word' id='word_1_460' title='bbox 405 3078 479 3110; x_wconf 83' lang='lat' dir='ltr'>The</span> <span class='ocrx_word' id='word_1_461' title='bbox 494 3078 569 3111; x_wconf 79' lang='lat' dir='ltr'>MS.</span> <span class='ocrx_word' id='word_1_462' title='bbox 586 3078 651 3111; x_wconf 77' lang='lat' dir='ltr'>has</span> <span class='ocrx_word' id='word_1_463' title='bbox 667 3079 880 3118; x_wconf 73' lang='lat' dir='ltr'>hicoindeilc,</span> <span class='ocrx_word' id='word_1_464' title='bbox 897 3078 982 3111; x_wconf 86' lang='lat' dir='ltr'>with</span> <span class='ocrx_word' id='word_1_465' title='bbox 996 3089 1020 3111; x_wconf 85' lang='lat' dir='ltr'>u</span> <span class='ocrx_word' id='word_1_466' title='bbox 1036 3078 1172 3112; x_wconf 85' lang='lat' dir='ltr'>written</span> <span class='ocrx_word' id='word_1_467' title='bbox 1187 3078 1294 3112; x_wconf 77' lang='lat' dir='ltr'>above</span> <span class='ocrx_word' id='word_1_468' title='bbox 1309 3079 1369 3112; x_wconf 89' lang='lat' dir='ltr'>the</span> <span class='ocrx_word' id='word_1_469' title='bbox 1384 3079 1452 3112; x_wconf 81' lang='lat' dir='ltr'>last</span> <span class='ocrx_word' id='word_1_470' title='bbox 1468 3081 1482 3111; x_wconf 78' lang='lat' dir='ltr'><strong><em>i</em></strong></span> 
     </span>
     <span class='ocr_line' id='line_1_53' title="bbox 368 3121 1251 3165; baseline 0.001 -11"><span class='ocrx_word' id='word_1_471' title='bbox 368 3121 384 3141; x_wconf 78' lang='lat'>&#39;³</span> <span class='ocrx_word' id='word_1_472' title='bbox 406 3121 467 3154; x_wconf 80' lang='lat' dir='ltr'>the</span> <span class='ocrx_word' id='word_1_473' title='bbox 481 3131 590 3155; x_wconf 76' lang='lat' dir='ltr'>masc.</span> <span class='ocrx_word' id='word_1_474' title='bbox 605 3122 726 3155; x_wconf 80' lang='lat' dir='ltr'>article</span> <span class='ocrx_word' id='word_1_475' title='bbox 740 3123 771 3154; x_wconf 89' lang='lat' dir='ltr'>is</span> <span class='ocrx_word' id='word_1_476' title='bbox 786 3122 871 3155; x_wconf 85' lang='lat' dir='ltr'>used</span> <span class='ocrx_word' id='word_1_477' title='bbox 886 3133 926 3155; x_wconf 81' lang='lat' dir='ltr'>as</span> <span class='ocrx_word' id='word_1_478' title='bbox 940 3123 985 3156; x_wconf 86' lang='lat' dir='ltr'>It.</span> <span class='ocrx_word' id='word_1_479' title='bbox 1005 3133 1083 3165; x_wconf 72' lang='lat' dir='ltr'>corp</span> <span class='ocrx_word' id='word_1_480' title='bbox 1099 3122 1130 3155; x_wconf 84' lang='lat' dir='ltr'>is</span> <span class='ocrx_word' id='word_1_481' title='bbox 1145 3133 1251 3155; x_wconf 76' lang='lat' dir='ltr'>masc.</span> 
     </span>
    </p>

    <p class='ocr_par' dir='ltr' id='par_1_16' title="bbox 366 3165 944 3207">
     <span class='ocr_line' id='line_1_54' title="bbox 366 3165 944 3207; baseline 0.003 -10"><span class='ocrx_word' id='word_1_482' title='bbox 366 3170 381 3186; x_wconf 54' lang='grc' dir='ltr'><strong>θ</strong></span> <span class='ocrx_word' id='word_1_483' title='bbox 405 3165 449 3198; x_wconf 81' lang='lat' dir='ltr'>cf.</span> <span class='ocrx_word' id='word_1_484' title='bbox 461 3165 518 3207; x_wconf 84' lang='lat' dir='ltr'>sri</span> <span class='ocrx_word' id='word_1_485' title='bbox 534 3167 634 3207; x_wconf 70' lang='lat' dir='ltr'>buqa,</span> <span class='ocrx_word' id='word_1_486' title='bbox 650 3166 691 3198; x_wconf 84' lang='lat' dir='ltr'>B.</span> <span class='ocrx_word' id='word_1_487' title='bbox 707 3165 796 3199; x_wconf 71' lang='lat' dir='ltr'>Ball.</span> <span class='ocrx_word' id='word_1_488' title='bbox 814 3167 944 3199; x_wconf 82' lang='lat'><strong>324·36</strong></span> 
     </span>
    </p>

    <p class='ocr_par' dir='ltr' id='par_1_17' title="bbox 368 3207 1056 3250">
     <span class='ocr_line' id='line_1_55' title="bbox 368 3207 1056 3250; baseline 0.001 -9"><span class='ocrx_word' id='word_1_489' title='bbox 368 3207 385 3228; x_wconf 83' lang='lat'>‘¹</span> <span class='ocrx_word' id='word_1_490' title='bbox 408 3209 453 3241; x_wconf 83' lang='lat' dir='ltr'>cf.</span> <span class='ocrx_word' id='word_1_491' title='bbox 469 3210 638 3242; x_wconf 72' lang='lat' dir='ltr'>conmitha</span> <span class='ocrx_word' id='word_1_492' title='bbox 652 3215 857 3242; x_wconf 75' lang='lat' dir='ltr'>aranecatar</span> <span class='ocrx_word' id='word_1_493' title='bbox 873 3209 929 3250; x_wconf 82' lang='lat' dir='ltr'>Sg.</span> <span class='ocrx_word' id='word_1_494' title='bbox 949 3209 1007 3243; x_wconf 84' lang='lat'>65·</span> <span class='ocrx_word' id='word_1_495' title='bbox 1017 3210 1056 3242; x_wconf 91' lang='lat'>11</span> 
     </span>
    </p>

    <p class='ocr_par' dir='ltr' id='par_1_18' title="bbox 368 3252 825 3295">
     <span class='ocr_line' id='line_1_56' title="bbox 368 3252 825 3295; baseline 0.004 -11"><span class='ocrx_word' id='word_1_496' title='bbox 368 3256 383 3272; x_wconf 85' lang='lat'><strong>·</strong></span> <span class='ocrx_word' id='word_1_497' title='bbox 407 3261 447 3284; x_wconf 87' lang='lat' dir='ltr'>or</span> <span class='ocrx_word' id='word_1_498' title='bbox 456 3253 580 3294; x_wconf 50' lang='lat' dir='ltr'>palin,</span> <span class='ocrx_word' id='word_1_499' title='bbox 597 3252 825 3295; x_wconf 79' lang='lat' dir='ltr'>&#39;rhumeysen</span> 
     </span>
    </p>
   </div>
   <div class='ocr_carea' id='block_1_7' title="bbox 1559 3322 1674 3362">
    <p class='ocr_par' dir='ltr' id='par_1_19' title="bbox 1559 3322 1674 3362">
     <span class='ocr_line' id='line_1_57' title="bbox 1559 3322 1674 3362; baseline 0 0"><span class='ocrx_word' id='word_1_500' title='bbox 1559 3322 1674 3362; x_wconf 79' lang='lat'>4—2</span> 
     </span>
    </p>
   </div>
  </div>
 </body>
</html>
