2132 3588
566 177 762 229 Glosses
797 197 863 229 on
899 178 978 229 the
1018 178 1296 230 Carlsruhe
1331 178 1493 230 Beda.
1808 190 1864 231 21

176 317 221 360 111
254 318 411 362 bruma
440 319 654 370 noctibus,
683 319 756 362 uel
791 319 898 362 item
934 324 1103 362 aestate
1133 318 1414 370 breuissimis,
1442 335 1626 376 quarum
1658 322 1766 364 alias
1798 334 1867 365 XII

177 375 380 428 horarum
421 377 615 434 spatium
655 377 804 435 longe⁸
850 377 1166 428 transcendere,
1207 377 1315 420 alias
1361 393 1639 435 nequaquam
1687 380 1742 422 ad
1788 381 1867 423 hoc

175 435 445 493 pertingere⁹
483 450 608 492 posse
648 441 845 478 constat:
897 451 984 493 qua
1027 436 1196 478 ratione
1244 436 1392 478 lunam
1435 448 1507 478 XII
1549 437 1674 479 horas
1722 438 1866 481 lucere

175 493 414 545 credamus,
433 493 518 536 nisi
546 495 656 537 forte
684 499 893 551 putamus
921 509 1007 537 non
1035 494 1376 551 aequinoctiales
1401 494 1526 537 horas
1547 495 1867 553 intelligendas,

119 572 138 604 5
175 550 252 594 sed
291 551 486 609 singulas
520 567 715 609 quasque
750 558 900 595 noctes
931 568 1010 609 pro
1045 567 1150 595 suae
1186 568 1390 595 mensura
1426 553 1755 611 longuitudinis,
1787 561 1866 598 aut

174 609 407 653 breuitatis
427 610 474 652 in
495 622 565 653 XII
587 611 836 667 particulas,
857 626 965 667 quas
993 611 1120 654 horas
1145 611 1389 654 uocitemus
1409 627 1534 668 aequa
1555 612 1864 656 distributione

174 667 443 712 findendas¹⁰.

262 727 404 770 XXV.
476 727 662 780 Quando
708 727 782 770 uel
829 743 962 784 quare
1009 728 1115 770 luna
1161 728 1232 770 uel
1283 742 1418 783 prona
1465 729 1537 771 uel
1588 729 1740 785 sopina
1790 730 1859 772 uel

175 784 380 828 uideatur
419 792 572 828 erecta.
634 786 751 828 Sunt
786 786 862 842 qui
897 801 1025 829 auras
1060 787 1282 842 explorare
1322 787 1467 829 conati
1508 787 1661 829 dicunt
1701 803 1861 830 nouam

117 862 157 885 10
174 842 324 886 lunam
380 844 582 900 quotiens
637 844 789 901 sopino
844 860 975 887 cornu
1029 851 1214 901 utroque
1270 845 1459 896 uidetur,
1510 851 1857 902 tempestuosum

174 916 379 953 mensem,
410 902 612 959 quotiens
646 908 789 945 erecto
829 918 928 954 uno,
962 918 1163 946 serenum
1204 903 1506 959 portendere¹¹.
1566 905 1693 956 Quod
1733 904 1860 962 longe

173 959 300 1002 aliter
329 975 421 1003 esse
451 961 664 1003 naturalis
694 961 806 1003 ratio
835 961 991 1018 prodit.
1053 961 1169 1015 Quid
1203 961 1385 1003 enimn?
1425 963 1626 1018 nunquid
1655 963 1861 1005 credibile

173 1023 242 1061 est
268 1019 398 1062 lunae
425 1024 603 1070 statum,
625 1020 700 1076 qui
727 1020 873 1062 fixus¹³
898 1020 945 1062 in
972 1020 1148 1062 aethere
1178 1026 1415 1076 permanet,
1434 1035 1513 1076 pro
1540 1021 1861 1063 subiacentium

173 1077 413 1120 motatione
468 1078 699 1120 flabrorum
752 1079 823 1120 uel
874 1079 1058 1121 nubium
1108 1093 1232 1135 posse
1281 1079 1484 1121 aliorsum
1537 1094 1668 1135 quam
1718 1080 1861 1122 fuerat

117 1155 154 1187 ¹5
173 1135 371 1178 conuerti
402 1141 448 1178 et
483 1152 579 1179 eam
615 1136 739 1193 quasi
773 1138 932 1179 futurae
963 1142 1121 1179 metu¹⁴
1155 1137 1433 1193 tempestatis
1467 1137 1693 1193 aliquanto
1728 1138 1862 1180 altius

173 1209 320 1245 cornu,
349 1209 481 1251 quam
512 1200 696 1237 naturae
727 1195 829 1237 ordo
857 1195 1062 1252 poscebat
1092 1195 1324 1238 attollere?
1405 1195 1572 1238 Dicunt
1603 1196 1720 1238 enim
1752 1211 1859 1247 eam,

174 1252 311 1295 sicut⁰
335 1259 381 1295 et
409 1253 565 1296 beatus
594 1253 869 1309 Augustinus
896 1254 943 1295 111
971 1253 1298 1310 expossitione¹¹⁵
1325 1254 1483 1310 psalmi
1510 1254 1566 1309 (.i.
1596 1255 1641 1296 in
1673 1255 1861 1297 Domino

174 1311 363 1365 confido)
401 1311 559 1354 decimi
606 1312 743 1362 docet,
778 1326 865 1354 non
913 1312 1073 1354 habere
1121 1312 1269 1354 lumen
1317 1313 1540 1369 proprium
1587 1314 1663 1355 sed
1708 1329 1734 1355 a
1774 1314 1862 1356 sole

173 1368 394 1412 illustrari.
456 1370 543 1412 Sed
565 1370 738 1426 quando
758 1385 858 1412 cum
879 1370 954 1412 illo
975 1378 1053 1422 est,
1070 1385 1166 1412 eam
1188 1377 1355 1427 partem
1366 1375 1393 1396 ¹⁶
1413 1371 1468 1412 ad
1489 1371 1568 1413 nos
1590 1371 1759 1422 habere,
1776 1387 1863 1428 qua

115 1446 157 1469 20
173 1442 261 1469 non
292 1428 548 1478 illustratur,
577 1435 623 1471 et
653 1428 752 1470 ideo
778 1428 889 1470 nihil
917 1434 1064 1484 potest
1094 1429 1140 1470 in
1169 1444 1221 1471 ea
1249 1429 1357 1471 lucis
1386 1429 1550 1472 uideri:
1581 1445 1680 1471 cum
1711 1436 1860 1472 autem

173 1485 330 1542 incipit
356 1487 412 1529 ab
439 1487 515 1528 illo
545 1487 753 1537 recedere,
773 1486 983 1529 illustrari
1010 1487 1066 1529 ab
1095 1502 1146 1530 ea
1173 1487 1307 1529 etiam
1337 1493 1474 1543 parte,
1496 1503 1626 1544 quam
1654 1488 1786 1530 habet
1807 1489 1863 1530 ad

175 1551 347 1595 terram,
382 1551 428 1588 et
468 1545 707 1588 necessario
746 1545 937 1602 incipere
977 1561 1004 1587 a
1044 1545 1256 1595 cornibus,
1292 1546 1429 1588 donec
1469 1546 1547 1588 fiat
1588 1546 1864 1602 quindecima

173 1606 358 1645 contra¹⁷
397 1603 540 1646 solem.
614 1604 738 1646 Tunc
777 1603 895 1645 enim
939 1604 1027 1646 sole
1075 1604 1332 1646 occidente18
1378 1604 1528 1655 oritur,
1569 1610 1619 1646 ut
1666 1605 1864 1661 quisquis

173 1661 443 1704 occidentem
490 1662 624 1704 solem
672 1662 982 1712 obseruauerit,
1026 1677 1123 1704 cum
1173 1678 1274 1705 eum
1325 1663 1515 1719 coeperit
1565 1678 1652 1705 non
1702 1663 1864 1714 uidere,

115 1735 155 1768 25
173 1735 410 1763 conuersus
439 1720 495 1762 ad
525 1720 923 1763 orientem'lunam
959 1735 1135 1777 surgere
1171 1721 1334 1771 uideat,
1366 1721 1516 1777 Atque
1552 1721 1654 1763 inde
1689 1737 1742 1764 ex
1778 1722 1865 1764 alia
1882 1736 1907 1767 f.
1925 1737 1996 1767 330

173 1787 312 1835 parte,
332 1794 432 1821 cum
453 1779 495 1820 ei
515 1779 707 1835 coeperit
734 1779 1037 1835 propinquare,
1058 1779 1177 1821 illam
1208 1785 1379 1835 partem
1407 1780 1463 1821 ad
1492 1780 1571 1822 nos
1598 1786 1864 1831 conuertere,

174 1852 262 1894 qua
300 1852 388 1879 non
427 1837 686 1887 illustratur,
721 1837 857 1879 donec
897 1837 952 1879 ad
993 1852 1154 1879 cornua
1192 1838 1342 1880 redeat
1383 1844 1516 1894 atque
1551 1838 1652 1880 inde
1689 1839 1865 1881 omnino

173 1910 262 1938 non
282 1901 502 1953 appareat.
617 1894 731 1939 Cum
753 1910 856 1953 ergo
876 1895 948 1938 die
969 1902 1188 1938 crescente
1210 1896 1273 1938 sol
1294 1911 1320 1938 a
1342 1896 1603 1938 meredianis
1624 1896 1788 1954 plagisb
1809 1898 1863 1939 ad

173 1954 387 1997 borealesl
433 1954 648 2011 paulatim
694 1960 841 2011 partes
887 1954 1143 2005 ascenderit,
1184 1969 1358 1997 necesse
1403 1961 1471 1997 est
1511 1955 1628 2005 luna,
1662 1970 1774 2012 quae
1815 1971 1866 1998 eo

115 2032 158 2064 30
174 2018 371 2069 tempore
393 2018 498 2055 nata
518 2019 595 2063 est,
616 2012 772 2055 occiori
797 2013 987 2055 transitu
1013 2013 1149 2055 solem
1170 2013 1226 2055 ad
1246 2013 1438 2055 borealia
1457 2013 1582 2070 signa
1603 2020 1867 2069 praecurrat,

174 2076 309 2128 atque
337 2071 436 2114 ideo
463 2086 564 2114 cum
594 2086 711 2113 noua
740 2077 840 2128 post
870 2086 1068 2114 occasum
1099 2071 1200 2114 solis
1232 2071 1420 2123 uidetur,
1448 2087 1560 2128 quae
1590 2072 1646 2114 ad
1677 2079 1866 2129 septem-

263 2211 301 2250 8.
363 2208 390 2249 .i
410 2214 470 2251 est
489 2208 629 2251 ismou
649 2209 797 2251 oldata
817 2220 889 2250 XII
910 2209 1039 2251 horae
1061 2209 1097 2251 .i.
1121 2220 1246 2251 XUIII
1268 2209 1357 2251 hol-⁹
1561 2211 1597 2251 9.
1659 2209 1696 2251 .i.
1719 2210 1863 2266 ‘niroiy
1884 2222 1908 2253 f.
1926 2221 1996 2254 33b

174 2266 223 2308 di
262 2266 398 2309 mair
437 2267 539 2310 deae
757 2269 822 2310 10.
883 2267 920 2309 .i.
952 2268 1153 2324 fodlaidi
1364 2270 1428 2309 11.
1490 2267 1528 2310 .i.
1570 2268 1865 2311 donaurchaz'n
1879 2266 2066 2298 continued

178 2327 244 2367 12.
305 2325 464 2368 arcim'c
614 2327 680 2368 13.
740 2326 778 2368 .i.
799 2325 1066 2382 inam'aylaib
1088 2325 1231 2369 coraib
1382 2328 1446 2367 14.
1509 2325 1547 2368 .i.
1569 2326 1865 2369 comscuchud⁰

117 2402 157 2436 35
172 2398 277 2426 suas
297 2398 351 2426 ar
371 2384 501 2425 oman
519 2383 700 2426 innas‘bn
851 2387 916 2426 15.
978 2384 1015 2427 .i.
1036 2384 1262 2428 indecadib
1423 2386 1487 2427 16.
1551 2385 1588 2427 .i.
1610 2385 1734 2427 intan
1755 2385 1866 2427 viabis

175 2442 284 2484 inna
304 2440 467 2484 arrad⁶
625 2442 691 2484 17.
752 2442 851 2485 cinn
873 2442 1087 2485 chomaire
1240 2445 1306 2484 18.
1369 2442 1434 2498 [in
1454 2443 1607 2498 marg]
1630 2443 1667 2486 .i.
1689 2443 1867 2485 anaslui

172 2500 298 2557 9⁷·ie'n
324 2500 408 2555 foa
427 2500 590 2557 fuined
618 2499 741 2543 dosora
767 2499 883 2544 <lond
914 2501 1050 2545 orient
1079 2501 1171 2545 naci
1201 2515 1392 2544 anaescae

266 2561 304 2601 l.
363 2558 402 2601 .i.
432 2558 770 2603 tuascerddacha
1884 2579 1909 2611 t.
1926 2580 1998 2611 330

260 2681 295 2718 8.
353 2680 415 2719 1.0.
445 2681 482 2718 it
508 2681 543 2719 is
570 2693 680 2719 more
707 2680 811 2719 than
838 2694 908 2719 are
937 2680 1037 2718 XII
1060 2680 1187 2718 horae.
1359 2681 1394 2719 9.
1452 2681 1514 2719 i.e.
1545 2681 1580 2718 it
1608 2681 1762 2718 attains
1791 2684 1864 2718 not
1881 2691 1905 2724 f,
1931 2690 2000 2722 3312

116 2748 161 2780 40
177 2740 222 2772 to
241 2734 387 2772 twelve
406 2735 538 2773 hours.
673 2735 733 2773 11.
792 2736 854 2775 1.0.
875 2735 970 2773 that
988 2736 1023 2772 it
1042 2734 1246 2785 portends.
1381 2735 1440 2774 13.
1499 2735 1560 2773 i.e.
1583 2736 1626 2772 in
1646 2736 1700 2773 its
1719 2748 1864 2785 proper
1881 2735 2064 2767 continued

178 2789 296 2827 rules.
444 2790 503 2826 14.
561 2790 624 2828 i.e.
646 2790 809 2840 moving
828 2789 1015 2840 upwards
1034 2790 1098 2828 for
1116 2789 1203 2828 fear
1221 2789 1264 2827 of
1282 2789 1354 2827 the
1373 2794 1531 2827 storms.
1680 2790 1741 2827 15.
1799 2790 1860 2827 i.e.

177 2843 222 2881 in
240 2843 312 2881 the
330 2842 539 2882 Decades‘.
692 2844 752 2883 16.
811 2844 871 2882 i.e.
896 2844 1013 2882 when
1033 2845 1104 2882 she
1123 2844 1157 2882 is
1177 2844 1299 2894 along
1317 2843 1418 2881 with
1438 2844 1533 2881 him.
1681 2845 1741 2882 18.
1800 2845 1862 2882 i.e.

177 2897 295 2935 when
313 2897 385 2935 the
402 2911 480 2935 sun
505 2910 599 2948 goes
623 2911 738 2949 away
758 2902 802 2937 to
826 2899 882 2936 its
907 2899 1072 2949 setting,
1093 2899 1129 2936 it
1154 2903 1271 2936 turns
1298 2902 1342 2936 to
1367 2898 1439 2936 the
1464 2901 1563 2945 east,
1584 2911 1628 2936 so
1651 2898 1744 2936 that
1764 2898 1865 2936 thou

177 2955 284 2991 seest
311 2951 383 2990 the
410 2965 541 2992 moon.

243 3077 259 3094 ⁸
281 3073 357 3106 MS.
373 3047 390 3105 ἒ
405 3083 493 3112 eam,
510 3073 595 3106 with
609 3074 728 3106 marks
743 3074 782 3107 of
795 3074 1047 3116 transposition
1224 3073 1239 3094 ¹³
1262 3073 1336 3106 MS.
1354 3073 1407 3106 sol
1422 3083 1444 3106 a
1458 3073 1668 3106 meredianis
1683 3073 1796 3114 plagis
1811 3073 1866 3105 die

178 3119 365 3155 crescente,
380 3117 466 3150 with
481 3117 599 3150 marks
614 3118 653 3150 of
665 3118 917 3159 transposition
1030 3123 1043 3139 ⁰
1067 3118 1140 3151 MS.
1156 3119 1366 3150 comcuchud
1481 3117 1497 3136 ²¹
1520 3118 1625 3149 arrad
1640 3117 1730 3149 later
1738 3118 1867 3158 sarr-ad

178 3166 192 3182 ·
214 3162 258 3193 cf.
274 3160 342 3193 vol.
357 3170 382 3194 1.
401 3171 436 3202 p.
452 3162 528 3200 402,
545 3164 627 3194 note
642 3171 679 3193 m
800 3161 812 3182 ¹
833 3162 863 3194 A
880 3171 983 3194 name
1004 3162 1058 3194 for
1078 3161 1305 3203 Augustine's
1322 3161 1571 3201 Commentary
1586 3170 1632 3193 on
1653 3160 1714 3193 the
1734 3161 1869 3193 Psalter

179 3203 447 3244 (Euan-stiones
467 3204 506 3236 in
524 3205 710 3245 Psalmos).
757 3205 820 3238 See
840 3205 901 3238 the
921 3206 1056 3247 preface
1076 3208 1113 3238 to
1134 3205 1195 3238 the
1215 3205 1327 3246 hymn
1344 3205 1382 3238 of
1405 3205 1440 3238 S.
1457 3204 1600 3245 Hilary:
1624 3205 1720 3246 issor
1733 3205 1867 3237 binnius

179 3249 311 3288 camir,
330 3250 369 3281 ut
384 3249 576 3289 Agustinus
591 3249 676 3281 dicit
691 3251 770 3281 isna
786 3251 966 3288 Deccadib,
985 3249 1164 3282 Goidelica
1180 3250 1222 3282 98
