2118 3588
252 762 761 814 NON-BIBLIGAL
809 763 1110 813 GLOSSES
1165 764 1313 813 AND
1362 765 1686 816 SOHOLIA.

517 921 552 960 1.
614 919 877 963 GLOSSES
919 920 1004 963 ΟΝ
1046 920 1416 964 AUGUSTINE.

223 1063 326 1106 Tm:
358 1063 643 1107 CARLSRUHE
674 1066 874 1108 GLossns
904 1077 966 1108 ON
999 1066 1042 1108 S.
1074 1066 1388 1110 AUGUSTINE’S
1418 1068 1718 1120 SOLJLOQUJA.

597 1166 764 1222 (Codex
794 1167 1044 1225 Augiensis‚
1075 1169 1157 1212 No.
1190 1172 1345 1223 cch.)

89 1290 108 1321 5
213 1268 282 1310 De
319 1274 495 1324 peccato
531 1269 568 1310 .i.
607 1270 737 1326 οραάι
769 1269 872 1312 fidei
903 1270 1144 1313 trinitatis.
1166 1270 1270 1313 inde
1302 1271 1547 1326 Agustinus
1584 1272 1693 1315 dicit
1730 1273 1809 1314 hoc
1828 1279 1853 1311 f.
1872 1279 1918 1311 la

126 1326 244 1368 enim
265 1332 494 1382 peccatum
516 1342 639 1383 quam
659 1328 798 1370 solum
820 1328 878 1371 sit
898 1343 1001 1385 prae
1022 1330 1190 1371 eaeteris
1210 1329 1358 1386 posuit
1379 1330 1482 1386 quia
1502 1330 1582 1373 hoc
1603 1336 1808 1373 manente

126 1390 271 1427 cetera
302 1385 567 1427 debellentur
598 1393 644 1427 et
677 1386 757 1428 hoc
790 1386 1039 1429 discedente
1071 1394 1217 1430 cetera
1246 1387 1552 1431 demittuntur.

214 1442 282 1484 De
303 1443 476 1485 iustitia
496 1443 532 1485 .i.
555 1443 697 1486 aliena
725 1444 762 1486 .i.
784 1445 969 1500 flrinne²
995 1446 1288 1501 apostolorum
1310 1452 1356 1488 et
1377 1447 1573 1489 omnium
1594 1447 1810 1490 iustorum

127 1500 215 1544 bith
226 1501 420 1557 inyabdffl
451 1501 624 1544 mundo.

70 1578 110 1601 10
214 1559 312 1611 Quo
347 1565 476 1625 pacto
511 1560 759 1625 arguendus
794 1567 862 1603 est
898 1561 1088 1604 mundus
1123 1561 1178 1603 de
1213 1561 1386 1604 iustitia
1425 1562 1508 1604 nisi
1549 1563 1603 1605 de
1640 1563 1813 1605 iustitia

126 1617 396 1660 credentium
434 1618 526 1674 ipsa
562 1618 726 1674 quippe
763 1619 956 1661 fidelium
994 1619 1259 1676 comparatio
1299 1620 1542 1662 infidelium
1585 1628 1652 1663 est
1694 1621 1811 1664 uitu-

126 1675 305 1775 peragio.
367 1675 434 1718 Dc
459 1676 631 1718 iustitia
656 1692 756 1732 ergo
783 1677 985 1734 arguitur
1005 1678 1148 1720 aliena
1167 1678 1281 1720 sicut
1302 1684 1551 1735 arguuntur
1571 1678 1625 1721 de
1647 1679 1813 1722 lumine

126 1739 230 1776 tene
262 1749 330 1776 rae.

215 1791 283 1834 De
310 1792 471 1834 iudicio
499 1792 536 1835 .i
562 1793 608 1835 in
639 1808 745 1836 mess
775 1793 987 1836 duchoaid
1005 1794 1239 1850 fordiabal
1269 1795 1309 1837 is
1335 1795 1407 1837 Ιιέ“
1437 1795 1559 1851 myas
1576 1795 1735 1851 forru⁴
1762 1802 1812 1839 ut

69 1867 108 1898 15
128 1842 409 1907 Augustinus
441 1850 558 1893 dicit

214 1908 352 1951 Cuius
373 1909 543 1966 legibus
564 1915 765 1951 rotantur
784 1909 885 1966 poli,
902 1911 1052 1952 cursus
1073 1925 1173 1952 suos
1193 1910 1601 1967 sidera1peragunt.
1655 1912 1703 1966 [Ι.
1725 1911 1810 1967 4¹³]
1831 1921 1854 1951 f.
1876 1919 1925 1952 2d

200 1967 376 2031 Recipe
425 1969 498 2009 ότο
538 1968 778 2024 fugitiuum
822 1974 946 2010 tuum
990 1968 1177 2011 Domine
1218 1969 1584 2011 clementissime:
1633 1969 1810 2012 iamiam
1831 1981 1855 2012 f.
1873 1982 1920 2012 38.

126 2023 234 2066 satis
263 2040 426 2081 poenas
456 2025 789 2081 dederim1.[1.
823 2026 880 2081 5.]

214 2088 260 2125 et
290 2098 368 2139 pro
398 2099 449 2126 eo
479 2084 615 2140 quod²
642 2083 699 2125 ad
730 2089 926 2140 tempus⁰
955 2084 1233 2127 admonueris
1263 2085 1535 2141 deprecabor.
1598 2086 1644 2140 [Ι.
1678 2087 1734 2141 6.]

69 2160 111 2183 πο
215 2155 349 2198 perge
380 2142 534 2193 modo;
574 2141 804 2184 uideamus
833 2148 1058 2198 quorsum¹
1089 2143 1175 2185 ista
1204 2143 1387 2198 quaeris.
1450 2144 1586 2198 [1.9.]
1829 2156 1853 2188 f.
1871 2157 1920 2188 48.

218 2199 290 2241 Ita
320 2200 441 2242 Deus
471 2199 600 2242 faxit¹
632 2206 682 2242 ut
713 2200 832 2242 dicis.
1829 2216 1852 2248 f.
1870 2216 1920 2248 4b

217 2257 372 2314 Itaque
393 2257 573 2300 arbitrio
595 2263 673 2300 tuo
694 2264 856 2315 rogato,
878 2263 924 2300 et
945 2259 1174 2316 obiurgato
1194 2259 1384 2315 grauius,
1405 2259 1443 2301 si
1465 2259 1698 2315 quicquam
1720 2260 1809 2302 tale

126 2315 339 2371 posthaic‘fi

218 2450 254 2490 1.
315 2447 423 2490 inna
442 2448 509 2491 rei
520 2447 601 2504 file
620 2448 704 2490 iter
724 2463 782 2490 na
801 2447 912 2491 seckt
933 2446 1250 2491 nairndrechad
1269 2447 1357 2489 ithef
1373 2447 1487 2490 nime
1507 2447 1702 2490 asbertar
1721 2448 1810 2490 and
1827 2454 1852 2485 f.
1871 2454 1920 2486 2d

68 2519 109 2551 ²5
218 2508 255 2548 1.
304 2505 667 2562 focoemallaysa.⁶
785 2508 823 2549 2.
883 2507 966 2548 ani
1826 2514 1851 2546 f.
1869 2515 1917 2546 3⁸.

218 2567 254 2606 1.
313 2563 352 2606 .i.
382 2564 478 2607 cair
1826 2574 1850 2605 f.
1867 2575 1915 2607 412

218 2625 255 2664 1.
315 2621 353 2665 .i.
384 2622 549 2665 άονόηα
667 2624 705 2664 2.
766 2621 804 2664 .i.
835 2622 1023 2664 iars‘aeind
1826 2635 1850 2667 f.
1868 2635 1917 2667 4b

212 2754 246 2792 1.
294 2753 356 2791 i.e.
378 2753 580 2803 rejection.
680 2754 714 2791 2.
764 2754 826 2791 i.e.
849 2753 1160 2804 righteousness.
1247 2754 1282 2791 3.
1331 2767 1356 2791 a
1374 2753 1584 2804 perpetual
1604 2752 1807 2803 reproach.
1829 2758 1852 2790 f.
1872 2758 1920 2790 la

129 2809 165 2847 4.
221 2808 283 2846 i.e.
304 2807 376 2845 the
394 2807 612 2857 judgment
630 2807 725 2845 that
743 2807 816 2845 has
835 2807 936 2846 been
956 2807 1118 2858 passed‘
1134 2820 1243 2858 upon
1262 2807 1333 2845 the
1357 2807 1478 2846 Devil
1503 2808 1539 2845 is
1567 2807 1660 2845 that
1679 2807 1811 2845 which

67 2876 111 2908 30
127 2861 211 2900 will
238 2861 290 2900 be
317 2861 482 2912 pastied⁸
509 2874 618 2912 upon
646 2862 767 2899 them.

212 2916 246 2955 1.
303 2916 374 2954 the
405 2928 544 2966 spaces
577 2916 669 2953 that
701 2929 770 2954 are
802 2915 986 2954 between
1018 2916 1089 2954 the
1121 2929 1242 2954 seven
1279 2916 1451 2967 planets,
1482 2916 1596 2954 these
1633 2929 1702 2953 are
1741 2915 1811 2953 the
1828 2915 1853 2947 f.
1871 2915 1920 2947 211

127 2969 304 3008 heavens
332 2969 462 3007 which
492 2983 560 3008 are
588 2970 820 3008 mentioned
850 2971 954 3009 here.

213 3024 247 3062 l.
307 3024 329 3061 I
358 3024 462 3062 have
488 3023 678 3062 endured.
795 3025 828 3062 2.
888 3024 982 3062 that
1003 3024 1183 3076 (which).
1830 3027 1854 3058 f.
1872 3027 1920 3058 3a

213 3078 246 3117 1.
306 3078 367 3116 i.e.
399 3091 493 3128 may
522 3078 590 3116 He
617 3077 680 3116 do.
1831 3078 1854 3111 f.
1875 3078 1923 3110 4b

193 3168 210 3184 ⁸
231 3163 306 3197 MS.
327 3165 400 3196 hei?
445 3164 578 3196 Holder
687 3164 703 3184 b
726 3164 800 3196 The
817 3165 1006 3197 references
1021 3175 1079 3197 are
1095 3168 1132 3198 to
1149 3165 1294 3206 Migne's
1309 3165 1440 3197 edition
1550 3170 1564 3186 ⁰
1587 3165 1661 3197 MS.
1679 3167 1815 3205 tempus

3 3200 9 3205 ”
70 3224 72 3227 -
129 3207 185 3247 ad,
206 3206 289 3239 with
305 3207 423 3240 marks
438 3208 475 3240 of
490 3208 743 3248 transposition
861 3208 878 3228 ‘¹
899 3208 963 3249 leg.
982 3209 1247 3240 v'zairr‘aedrethcha
1372 3214 1384 3228 ⁶
1407 3209 1498 3240 from
1507 3209 1749 3248 so-com-leloy,
1765 3208 1813 3248 pl.

121 3251 384 3291 socoimlachtar
400 3250 458 3293 (gl.
474 3251 717 3292 pertullerunt)
734 3251 794 3284 Ml.
815 3252 871 3285 47⁰
887 3252 908 3284 6
975 3252 986 3272 ¹
1007 3252 1169 3293 literally,
1181 3251 1247 3284 has
1262 3262 1361 3284 come
1426 3257 1441 3277 ⁸
1462 3252 1623 3293 literally,
1638 3251 1707 3283 will
1719 3261 1814 3283 come

247 3327 281 3358 s.
304 3327 346 3359 o.
368 3328 415 3359 11.
1675 3320 1695 3358 1
