2138 3568
0 0 50 260 f.

0 339 10 596 ᾧ

0 606 11 869 l

542 180 739 230 Glosses
773 198 837 230 on
871 180 1115 232 Priscian
1151 181 1245 249 (St.
1289 183 1445 251 Gall).
1743 192 1835 236 199

154 316 257 360 licet
287 322 376 360 tam
404 333 543 362 mares
571 335 699 376 quam
731 320 913 363 feminas
941 327 986 364 et
1015 337 1152 364 unum
1174 327 1242 364 et*
1262 322 1408 379 plures
1436 323 1836 367 demonstrantibus

153 374 350 418 dicere...

241 434 462 477 ‘Mecum’
502 441 651 478 autem
694 441 739 478 et
780 441 961 488 ‘tecum,
997 452 1156 486 secum,
1190 437 1427 490 nobiscum,
1468 439 1717 490 uobiscum,'
1757 455 1836 497 per

152 492 464 548 anastrophem
492 508 591 535 cum
624 494 876 549 pronomine
913 495 1174 551 praepositio
1210 502 1286 539 est.
1351 497 1475 540 Vnde
1511 503 1556 540 et
1591 513 1727 548 casus,
1757 499 1832 555 qui
1850 507 1889 541 P.
1907 510 2003 543 2033

102 561 120 594 5
152 550 353 592 seruiunt
387 551 694 607 praepositioni
731 553 896 603 ‘cum¹‚'
932 553 977 595 id
1014 560 1080 595 est·
1120 554 1317 605 ablatiui,
1350 555 1396 597 in
1432 561 1617 612 utroque
1652 570 1832 598 numero

152 607 287 650 trium
310 623 586 673 personarum
610 612 1091 666 componuntur23...si0
1119 617 1235 654 ‘cum
1257 613 1341 655 me'
1371 621 1416 655 et
1442 613 1653 656 ‘mecum’
1714 613 1831 656 Nam

151 665 446 722 antiqulssimi
481 673 716 725 utrumque
752 668 986 720 dicebant³,
1023 670 1099 712 sed
1139 670 1182 711 in
1222 670 1379 726 plurali
1418 671 1584 727 primae
1626 686 1830 728 personae

152 724 407 781 cacenphati
442 731 589 767 causa⁴
618 726 815 768 solebant
845 742 922 782 per
956 729 1246 783 anastrophen
1281 729 1423 771 dicere
1460 730 1718 772 ‘nobiscum'
1754 745 1831 786 pro

153 787 268 824 ‘cum
304 782 451 825 nobis.’
511 784 669 839 Itaque
703 791 880 840 propter
920 785 998 827 hoc
1037 786 1299 842 reliquarum
1341 802 1511 843 quoque
1552 802 1830 844 personarum

94 855 135 878 10
151 839 366 883 ablatiuos
381 841 601 884 similiter⁵
624 848 895 898 praepostere
916 844 1103 899 proferre
1125 851 1360 900 coeperunt
1381 850 1548 887 teste...
1613 845 1830 897 Cicerone,

181 897 227 940 ui
257 898 311 941 de
341 906 508 941 oratore
539 899 607 942 his
638 900 780 942 utitur
809 901 978 943 uerbis:
1014 902 1248 944 ‘noluimus
1278 908 1392 945 ‘cum
1426 902 1511 945 me’
1544 909 1589 946 et
1619 908 1736 946 ‘cum
1768 903 1830 946 te’

181 955 305 1007 icere,
339 972 395 999 ne
431 957 580 999 eadem
622 958 945 1014 computatione
985 959 1311 1017 adiungendum
1354 966 1468 1003 esset
1509 968 1623 1004 ‘cum
1664 961 1830 1012 nobis⁶‚’

151 1014 227 1056 sed
257 1015 404 1071 potius
435 1016 638 1058 ‘mecum'
670 1022 715 1058 et
741 1017 923 1059 ‘tecum'
951 1023 997 1059 et
1025 1018 1282 1060 ‘nobiscum'
1313 1019 1515 1070 diximus,
1542 1020 1676 1061 ‘cum'
1706 1034 1828 1076 prae-

150 1072 376 1129 positione,
397 1088 507 1129 quae
529 1074 632 1116 facit
660 1074 923 1126 obscenum⁷‚
944 1075 1115 1118 assidue
1142 1077 1406 1133 postposita.'
1465 1077 1652 1134 Antiqui
1681 1083 1828 1120 tamen
1850 1082 1886 1125 (1-
1904 1093 1937 1124 p.
1957 1084 2036 1124 595)

95 1143 132 1174 ¹5
151 1130 313 1187 absque
343 1131 663 1174 obseruatione⁸
698 1133 887 1175 naturali
923 1133 1091 1176 ordine⁹
1126 1134 1231 1176 haec
1266 1135 1497 1191 protulisse
1533 1135 1829 1178 inueniuntur.

151 1188 289 1231 Nulla
319 1195 465 1231 tamen
496 1190 789 1245 monosyllaba
819 1191 1081 1248 praepositio
1111 1193 1401 1249 anastrophen
1432 1194 1600 1250 patitur
1629 1193 1715 1235 nisi
1748 1198 1831 1236 ea¹⁰

150 1246 366 1289 fortassisb
394 1247 491 1289 ideo
522 1248 709 1290 enclitici
742 1249 869 1291 uice11
899 1249 1108 1305 fungitur,
1139 1251 1243 1307 quia
1274 1251 1475 1294 enclitica
1505 1252 1832 1308 monosyllaba¹2

150 1310 278 1347 sunt:
309 1310 422 1362 ‘que,
443 1320 509 1356 ue,
530 1306 608 1348 ne.'

239 1363 332 1405 Nec
362 1363 532 1415 mirum,
553 1379 684 1420 supra
713 1364 831 1406 dicta
861 1365 1115 1420 pronomina
1144 1366 1276 1408 unius
1303 1381 1432 1408 causa
1461 1367 1575 1409 idem
1603 1368 1708 1424 pati,
1731 1382 1830 1409 cum

92 1436 134 1458 20
150 1419 196 1462 in
217 1420 314 1463 aliis
335 1436 508 1478 quoque
527 1422 785 1478 quibusdam
807 1423 1072 1465 structuris¹³
1093 1424 1198 1466 haec
1223 1425 1452 1466 eadem1⁴21⁶
1472 1426 1562 1467 sola
1582 1440 1831 1468 communes

237 1567 275 1608 8.
335 1565 372 1607 .i.
403 1571 468 1608 tre
497 1566 681 1622 impuud
711 1566 747 1609 .i.
779 1567 908 1610 tucad
937 1568 1108 1610 atosuch
1127 1568 1334 1624 fodiu(d)
1849 1571 1887 1604 P·
1907 1570 1999 1603 202b

239 1626 276 1666 1.
337 1623 372 1665 .i.
395 1638 445 1665 as
458 1638 558 1665 cum
717 1627 754 1667 2.
807 1625 844 1667 .i.
866 1626 940 1667 air
958 1626 993 1668 it
1013 1627 1314 1682 comsuidiythi
1333 1627 1460 1670 aliter
1479 1627 1518 1669 is
1539 1618 1832 1684 comfuirmud
1848 1615 2030 1647 continued

137 1680 364 1737 forymtsa
388 1687 558 1724 tantum
581 1694 606 1735 7
628 1682 676 1724 m‘
698 1683 995 1739 comsuidigud
1181 1686 1219 1726 3.
1281 1685 1318 1727 .i.
1341 1700 1439 1726 cum
1461 1700 1530 1727 me
1553 1699 1578 1739 7
1602 1701 1770 1728 mecum
1794 1686 1830 1729 .i.
1849 1667 1887 1699 P.
1905 1667 1996 1699 2032

149 1739 305 1782 nabith
336 1739 398 1782 leo
428 1754 527 1782 cum
557 1740 602 1781 in
634 1740 849 1797 principio
880 1754 906 1795 7
935 1741 980 1783 in
1011 1743 1097 1784 fine
1273 1745 1312 1785 4.
1371 1743 1476 1785 inna
1508 1744 1728 1787 aisndisen
1758 1744 1831 1787 do-

91 1815 131 1847 25
150 1796 324 1840 chuirde
360 1797 397 1839 .i.
434 1798 623 1840 dochrud
665 1798 726 1841 leo
769 1822 777 1830 ·
800 1814 830 1840 n
853 1822 862 1831 ·
903 1800 1059 1842 indiad
1102 1823 1110 1831 ·
1134 1815 1175 1841 m
1201 1823 1209 1832 ·
1404 1804 1440 1843 5.
1490 1802 1568 1858 fri
1606 1802 1832 1844 nobiscum

151 1856 189 1897 6.
249 1870 361 1897 arna
390 1855 580 1899 dernmis
609 1871 708 1899 cum
739 1857 864 1899 nobis
894 1858 966 1899 air
1000 1858 1105 1900 dian
1141 1858 1305 1900 demnis
1339 1874 1438 1901 cum
1477 1874 1577 1901 me·
1615 1860 1833 1915 doyenmis

150 1912 266 1955 dano
286 1928 384 1955 cum
407 1914 531 1956 nobis
676 1915 714 1956 7.
774 1915 810 1957 .i.
832 1916 936 1957 ‘mad
955 1916 1180 1959 arthosuch
1199 1917 1292 1959 beid
1439 1920 1477 1959 8.
1538 1933 1609 1960 cen
1628 1918 1834 1961 imcabdil

149 1971 362 2014 cacenfati
384 1984 409 2025 7
431 1987 503 2015 cen
523 1972 728 2015 imcabdil
747 1988 845 2015 cum
868 1974 992 2016 nobis
1020 1974 1073 2016 do
1086 1976 1194 2030 epirt
1311 1977 1348 2017 9.
1408 1975 1706 2033 remsuidigud
1726 1977 1833 2018 iuna

149 2029 426 2072 remtkechtas
544 2033 608 2073 10.
665 2030 702 2073 .i.
725 2031 901 2074 combad
922 2032 1185 2075 airi⁰nobeth
1205 2048 1303 2074 cum
1324 2033 1370 2075 in
1392 2033 1477 2075 fine
1497 2033 1543 2075 in
1564 2034 1832 2090 supradictis

91 2103 134 2136 30
151 2102 206 2130 ar
225 2087 935 2144 choibniusfrisnacomaccomlasa
1132 2093 1197 2132 11.
1258 2091 1295 2132 .i.
1317 2091 1695 2134 inchomaccomuil
1704 2092 1831 2148 soac-

151 2146 372 2202 comailtiy
520 2148 584 2188 12.
644 2147 682 2189 .i.
711 2147 830 2203 fona
977 2150 1042 2190 13.
1102 2149 1408 2204 immoynamib
1558 2153 1624 2200 14,
1668 2154 1732 2192 15.
1794 2152 1831 2194 .i.

151 2204 286 2247 uerba
315 2204 454 2247 asbeir
482 2205 546 2246 sis
575 2207 593 2246 i
623 2204 725 2248 haec
756 2206 902 2248 eadem
932 2206 970 2248 .i.
1002 2206 1175 2262 dliyeda
1204 2207 1542 2250 inchoitchennsa

235 2348 269 2385 8.
328 2347 383 2398 by
402 2348 657 2399 anastrophe,
678 2348 739 2386 i.e.
761 2348 816 2386 its
834 2347 1058 2398 beginning
1077 2349 1148 2386 has
1168 2349 1270 2386 been
1289 2353 1364 2399 put
1384 2353 1428 2386 at
1447 2349 1517 2386 the
1536 2348 1626 2387 end.
1850 2356 1888 2388 P.
1907 2355 1999 2387 202b

235 2402 270 2440 2.
327 2402 388 2441 i.e.
422 2402 486 2439 for
514 2402 611 2453 they
641 2415 710 2440 are
740 2402 995 2453 compounds.
1054 2402 1181 2440 Aliter
1210 2403 1244 2439 it
1274 2403 1307 2440 is
1336 2416 1360 2440 a
1389 2403 1626 2441 collocation
1654 2403 1697 2441 of
1727 2403 1831 2442 form
1849 2400 2031 2432 mutinum

93 2472 134 2505 35
152 2455 259 2505 only,
281 2456 361 2493 and
381 2460 454 2494 not
473 2457 748 2507 composition.
916 2457 950 2494 3.
1011 2456 1108 2506 they
1128 2456 1225 2494 used
1246 2461 1289 2494 to
1316 2457 1418 2494 have
1437 2471 1526 2494 cum
1546 2457 1679 2509 (both)
1700 2462 1744 2495 at
1763 2458 1833 2496 the
1850 2452 1887 2485 P·
1908 2452 1999 2484 203⁸

152 2510 374 2560 beginning
392 2510 472 2547 and
492 2515 537 2547 at
556 2511 627 2548 the
645 2511 734 2549 end.
866 2511 901 2548 4.
960 2510 1003 2548 of
1020 2510 1092 2548 the
1110 2510 1384 2560 disagreeable
1403 2512 1716 2560 pronunciation
1732 2526 1740 2549 :
1769 2512 1831 2550 i.e.

151 2578 182 2602 ‘n
200 2563 308 2605 after
327 2577 366 2602 m
386 2563 483 2614 they
502 2564 668 2602 deemed
686 2563 970 2614 disagreeable.
1126 2565 1161 2602 5.
1220 2569 1264 2602 to
1282 2565 1494 2602 nobiscum.
1648 2566 1681 2603 6.
1741 2566 1835 2603 that

152 2630 213 2656 we
231 2617 364 2668 might
382 2623 455 2656 not
481 2619 595 2657 make
620 2632 712 2656 cum
736 2619 870 2657 nobis:
899 2619 964 2656 for
988 2618 1021 2655 if
1051 2631 1110 2656 we
1137 2618 1252 2656 made
1275 2632 1365 2656 cum
1387 2632 1457 2666 me,
1481 2632 1539 2656 we
1566 2619 1708 2656 should
1734 2620 1835 2658 then

152 2672 271 2710 make
289 2686 379 2710 cum
396 2672 516 2710 nobis.
630 2673 665 2711 7.
714 2673 775 2711 i.e.
797 2672 832 2710 if
850 2673 885 2710 it
904 2672 1046 2711 should
1067 2672 1116 2710 be
1135 2686 1180 2710 as
1199 2673 1270 2710 the
1290 2672 1520 2722 beginning.
1634 2673 1669 2712 8.
1718 2674 1835 2711 with-

94 2741 138 2772 40
153 2730 227 2764 out
245 2726 451 2776 shunning
470 2727 699 2777 cacophony
714 2726 794 2764 and
809 2727 986 2764 without
1001 2727 1206 2777 shunning
1221 2731 1264 2764 to
1283 2739 1354 2777 say
1369 2740 1458 2764 cum
1472 2726 1592 2764 nobis.
1689 2727 1722 2766 9.
1763 2727 1835 2765 the

153 2780 402 2831 preposition
421 2780 462 2817 in
482 2780 538 2818 its
558 2781 842 2831 anteposition.
1038 2781 1098 2818 10.
1157 2781 1218 2818 i.e.
1241 2781 1276 2818 it
1297 2780 1428 2818 would
1449 2779 1499 2818 be
1518 2780 1721 2818 therefore
1741 2781 1835 2819 that

154 2848 244 2872 cum
266 2835 301 2872 is
318 2834 365 2872 in
383 2833 471 2884 fine
494 2834 538 2872 in
558 2835 628 2872 the
647 2834 778 2872 words
803 2835 1013 2882 aforesaid,
1036 2847 1088 2872 on
1117 2840 1291 2872 account
1316 2834 1359 2872 of
1388 2835 1443 2871 its
1469 2834 1626 2885 affinity
1653 2839 1696 2873 to
1722 2835 1836 2874 these

155 2888 444 2939 conjunctione.
598 2889 658 2926 11.
715 2889 777 2928 i.e.
799 2889 842 2926 of
860 2889 931 2927 the
951 2888 1208 2938 subjunctive
1229 2889 1500 2938 conjunction.
1654 2890 1714 2928 12.
1773 2890 1834 2928 i.e.

155 2942 370 2992 according
387 2947 431 2980 to
449 2942 529 2980 the.
674 2943 736 2990 14,
761 2944 823 2981 15.
879 2943 941 2982 i.e.
964 2943 1033 2980 the
1054 2942 1171 2980 verbs
1191 2943 1321 2980 which
1343 2942 1392 2980 he
1411 2942 1612 2980 mentions
1632 2943 1770 2991 below,
1792 2957 1838 2981 or

95 3009 137 3042 45
155 2996 246 3035 haec
274 2998 412 3044 eadem,
443 2997 504 3036 i.e.
536 2996 607 3035 the
635 2996 733 3035 laws
761 2996 803 3035 of
831 2997 902 3035 the
930 2997 1194 3046 community.

806 3115 822 3131 ⁸
844 3120 913 3143 om.
930 3110 1005 3143 MS.

807 3153 822 3174 ὓ
843 3157 935 3187 recte
950 3157 986 3186 et
1001 3153 1162 3209 fortassis

807 3236 820 3251 ‘²
843 3231 916 3264 MS.
937 3205 1043 3263 cobail
1053 3232 1110 3262 air
