2132 3588
531 182 726 231 Glosses
761 198 826 230 on
863 181 940 229 the
980 179 1256 229 Oarlsruhe
1291 180 1454 230 Beda.
1773 186 1830 228 11

148 325 195 363 et
221 335 335 377 aqua
361 321 415 363 de
446 320 592 365 nihilo,
652 320 738 362 Die
764 334 867 363 uero
894 319 1034 376 primo
1062 319 1138 362 lux
1167 319 1282 361 facta
1309 325 1376 362 est
1404 324 1449 361 et
1479 319 1575 375 ipsa
1604 319 1659 361 de
1687 319 1835 362 nihilo.

148 378 361 429 Secundo,
379 379 703 421 firmamentum
730 378 778 420 in
806 377 949 420 medio
976 392 1199 434 aquarum.
1260 377 1420 428 Tertio,
1441 377 1606 433 species
1632 377 1765 419 maris
1793 383 1838 419 et

150 442 303 488 terrae,
328 451 426 479 cum
460 438 523 479 eis
553 451 664 493 quae
697 443 835 479 terrae
866 435 1075 478 radicitus
1104 435 1337 478 inherent2.
1401 435 1581 488 Quarto,
1606 435 1839 476 luminaria

149 495 258 537 caeli
284 495 339 538 de
367 494 532 537 lumine
560 494 700 552 primo
726 494 797 536 die
826 494 949 537 facto.
1011 493 1193 546 Quinto,
1223 493 1448 536 natatilia⁵
1478 499 1524 535 et
1555 493 1754 535 uolatilia
1783 492 1838 535 de

98 565 116 595 5
149 554 286 609 aquis.
346 553 494 603 Sexto,
514 553 683 609 reliqua
712 552 919 594 animalia
949 552 1003 594 de
1034 558 1151 594 terra
1181 558 1227 594 et
1257 552 1386 594 homo
1416 566 1544 594 carne
1575 551 1751 608 quidem
1783 551 1838 593 de

151 617 276 661 terra,
307 611 474 653 anima³
504 626 607 653 uero
636 611 691 653 de
721 610 858 652 nihilo
889 615 1069 652 creatus.

238 669 362 725 [111].
439 669 555 722 Quid
607 669 666 711 sit
716 668 917 711 mundus.
993 668 1161 710 Plinius
1211 667 1450 710 Secundus.
1526 666 1721 709 Mundus
1771 672 1839 709 est

151 727 417 770 uniuersitas
457 727 597 770 omnis
637 742 749 783 quae
788 732 959 769 constat
999 742 1051 768 ex
1089 725 1207 768 caelo
1242 734 1288 768 et
1325 731 1452 774 terra,
1487 736 1584 768 .1111.
1619 725 1839 767 elimentis

152 786 199 828 in
228 785 418 842 speciem
453 785 662 827 absoluti⁴
694 785 809 827 orbis
841 785 1042 841 globata:
1083 784 1197 842 igne,
1225 789 1332 840 quo⁵
1364 783 1506 826 sidera
1538 783 1699 833 lucent,
1725 798 1837 833 aere,

94 859 135 881 10
152 859 238 900 quo
288 849 447 886 cuncta
495 843 696 886 uiuentia
745 843 926 899 spirant,
974 843 1110 899 aquis,
1157 857 1269 899 quae
1315 847 1478 884 terram
1529 841 1743 898 cingendo
1793 847 1839 883 et

152 901 410 959 penitrando
441 901 773 944 communiuntst.

240 960 330 1015 [V].
390 959 458 1002 De
508 959 792 1002 firmamento.
867 959 1070 1001 Isidorus.
1145 958 1325 1001 Caelum
1372 958 1547 1000 subtilis
1597 958 1837 1015 igneaeque
1854 965 1967 997 f.18b

152 1025 346 1068 naturae,
376 1018 713 1074 rotundumque,
744 1023 789 1060 et
824 1032 851 1059 a
885 1023 1034 1059 centro
1076 1024 1216 1059 terrae
1257 1017 1409 1072 aequis
1449 1016 1602 1072 spatiis
1643 1016 1837 1072 undique

153 1077 395 1126 collectum,
436 1076 551 1118 unde
599 1083 645 1118 et
689 1090 933 1118 connexum
986 1075 1266 1131 mediumque
1315 1089 1574 1131 quacunque
1624 1081 1837 1116 cernatur.

96 1148 134 1179 ¹5
154 1133 480 1177 Inenarrabilib¹
502 1135 725 1177 celeritate
753 1134 948 1190 quotidie
975 1134 1165 1190 circuagi
1193 1133 1413 1189 sapientes
1441 1132 1594 1175 mundi
1622 1132 1840 1183 dixerunt,

154 1194 219 1235 ita
249 1199 301 1235 ut
332 1198 490 1242 rueret,
514 1193 551 1235 si
582 1208 669 1235 non
701 1193 976 1249 planetarum
1009 1206 1186 1234 occursu
1222 1191 1551 1241 moden-aramue,
1580 1196 1840 1247 argumento

153 1251 344 1293 siderum
391 1251 584 1293 nitentes
630 1265 742 1307 quae
789 1250 876 1292 fixo
921 1265 1092 1306 semper
1134 1264 1262 1291 cursu
1306 1249 1634 1299 circumuolant,
1675 1249 1840 1305 septin-

154 1309 413 1351 trionalibus
461 1309 680 1351 breuiores
725 1308 858 1364 gil-03²
904 1308 1017 1350 circa
1056 1308 1274 1349 cardinem
1317 1307 1640 1364 peragentibus.
1702 1306 1840 1350 Cuius

155 1367 341 1409 uertices
368 1374 584 1410 extremos
611 1381 720 1423 quos
746 1367 878 1408 circa³
903 1381 1057 1422 spaera
1081 1366 1189 1408 caeli
1217 1366 1424 1416 uoluitur,
1443 1366 1564 1422 polos
1590 1365 1840 1421 noncipant‚

94 1447 138 1470 ἰο
155 1425 327 1481 glaciali
358 1425 498 1482 rigore
532 1425 745 1468 tabentes,
807 1425 978 1466 Horum
1012 1439 1125 1466 unus
1155 1423 1212 1465 ad
1244 1423 1630 1479 septentrionalem
1665 1424 1840 1480 plagam

155 1498 418 1540 consurgens
461 1483 628 1532 boreus,
670 1483 782 1525 alter
826 1483 1012 1524 diuexus
1051 1482 1098 1523 in
1137 1490 1306 1524 austros
1346 1487 1574 1537 terraeque
1615 1482 1841 1538 obpositus

154 1542 357 1584 australis
377 1547 570 1592 uocatur,
591 1556 721 1597 quem
742 1541 950 1583 interiora
969 1540 1108 1582 austri
1129 1539 1344 1596 scriptura
1364 1545 1515 1581 sancta
1535 1539 1742 1582 nominat.

243 1600 358 1655 [VI].
438 1599 506 1642 De
555 1599 678 1641 uaria
727 1599 962 1641 altitudine
1013 1598 1130 1640 caeli.
1208 1598 1376 1640 Plinius
1427 1597 1665 1640 Secundus.
1738 1597 1840 1640 Non

155 1664 306 1700 autem
353 1658 418 1700 ita
463 1658 654 1700 mundus
702 1657 782 1699 hoc
829 1658 927 1713 polo
974 1656 1204 1698 excelsiore
1253 1657 1297 1698 se
1337 1656 1514 1706 attollit,
1555 1663 1606 1697 ut
1647 1655 1840 1712 undique

95 1733 136 1764 ²5
156 1721 390 1758 cernantur
419 1716 525 1758 haec
555 1716 706 1758 sidera.
769 1715 940 1758 Uerum
981 1715 1132 1757 eadem
1169 1712 1463 1771 quibusque‘¹⁴
1497 1714 1704 1770 proximis
1739 1714 1840 1756 sub-

157 1774 326 1816 limiora
375 1774 624 1824 creduntur,
665 1773 905 1830 eademque
952 1773 1168 1815 demersa⁶
1216 1773 1488 1829 longinquis;
1538 1777 1676 1829 utque
1724 1787 1841 1814 nunc

155 1832 355 1875 sublimis
394 1833 440 1874 in
481 1832 675 1874 deiectu⁸
709 1831 863 1888 positis
899 1831 1076 1873 uidetur
1111 1831 1181 1872 hic
1217 1836 1381 1881 uerteX‚
1413 1830 1474 1872 sic
1508 1831 1555 1872 in
1589 1831 1665 1872 illa
1700 1837 1840 1872 terrae

155 1891 419 1933 diuexitate⁷
458 1892 757 1948 transgressis⁸
801 1890 876 1931 illa
922 1905 968 1932 se
1016 1889 1240 1939 attollunt,
1280 1889 1572 1931 residentibus
1618 1904 1730 1944 quae
1771 1889 1841 1930 hic

157 1949 325 1991 excelsa
360 1949 543 1999 fuerant,
574 1954 820 2005 opponente
856 1963 901 1990 se
937 1953 1088 1989 contra
1123 1947 1287 1989 medios
1319 1947 1439 1989 uisus
1468 1947 1597 2003 globo
1629 1954 1841 1989 terrarum

98 2022 140 2052 30
153 2007 284 2049 ade0⁹
304 2012 354 2049 ut
382 2009 727 2064 septemtriones,
748 2021 859 2063 quae
887 2006 1011 2048 nobis
1032 2021 1058 2047 a
1085 2006 1250 2047 uertice
1278 2005 1485 2061 pendent,
1507 2005 1554 2046 in
1581 2005 1841 2061 quibusdam

158 2065 310 2107 Indiae
343 2065 446 2107 locis
479 2065 736 2121 quindecem
771 2070 945 2106 tantum
977 2064 1022 2105 in
1056 2079 1169 2105 anno
1201 2064 1357 2105 diebus
1388 2068 1671 2120 appareantw.

246 2123 384 2179 [VII].
466 2123 533 2165 De
577 2123 694 2165 caelo
741 2122 973 2179 superiore.
1044 2122 1310 2164 Ambrosius.
1381 2121 1564 2165 Caelum
1612 2121 1843 2177 superioris

157 2181 306 2223 circuli
348 2182 538 2238 proprio,
560 2181 795 2223 discretum
835 2181 1024 2222 termino
1069 2185 1114 2222 et
1162 2180 1402 2236 aequalibus
1449 2180 1661 2235 undique·
1690 2179 1844 2235 spatiis

157 2239 412 2282 collocatum
460 2239 651 2281 uirtutes
703 2239 900 2280 continet
949 2238 1178 2295 angelicas,
1225 2253 1337 2294 quae
1387 2237 1443 2279 ad
1492 2239 1571 2279 nos
1621 2246 1844 2288 exeuntes,

98 2310 138 2341 35
157 2298 353 2340 aetheria
399 2298 483 2340 sibi
523 2312 700 2354 corpora
746 2303 939 2347 sumunt,
982 2305 1033 2338 ut
1081 2296 1248 2353 possint
1298 2296 1548 2338 hominibus
1593 2296 1750 2338 etiam⁰
1797 2296 1842 2337 in

195 2446 198 2447 ⁷
247 2403 284 2443 2.
344 2401 517 2443 dineoch
557 2415 658 2442 asas
697 2400 725 2442 a
764 2405 881 2442 terra
1072 2402 1109 2441 3.
1170 2399 1266 2441 aoht
1306 2399 1346 2440 is
1385 2398 1431 2440 in
1471 2400 1614 2454 primo
1655 2399 1726 2441 die
1766 2400 1885 2441 so'n-f-
1905 2404 1974 2435 1812

159 2461 196 2501 4.
256 2459 295 2503 .i.
316 2459 470 2501 cruind
490 2458 546 2500 ab
566 2458 685 2500 omni
706 2464 830 2514 parte
850 2457 982 2499 soluti
1102 2460 1138 2499 5.
1199 2457 1235 2499 .i.
1258 2457 1323 2499 du
1442 2459 1478 2500 6.
1540 2457 1701 2512 oyaibet
1859 2448 2040 2479 ⁶⁰⁷²²im¹⁶d

248 2519 284 2559 1.
344 2517 409 2559 isi
425 2517 557 2559 ade'ne
707 2519 744 2558 2.
807 2531 912 2558 cumo
1063 2517 1101 2557 3.
1160 2515 1261 2556 isim
1278 2514 1421 2557 saidib
1574 2518 1612 2557 4.
1671 2514 1842 2556 datiuus
1858 2518 1882 2550 f.
1902 2518 1970 2551 18b

161 2578 198 2617 5.
257 2575 331 2617 isli
483 2577 520 2618 6.
580 2574 737 2616 inisiul
894 2574 931 2616 7.
990 2572 1188 2614 isindisli
1338 2575 1375 2614 8.
1437 2573 1842 2628 tarsatarmtkiayat

98 2645 142 2677 40
160 2635 199 2677 9.
249 2633 340 2675 hisi
356 2634 440 2675 me't
460 2632 701 2688 asuidiqthe
720 2630 894 2688 globuss
915 2637 1054 2674 terrae
1196 2633 1259 2672 10.
1309 2630 1520 2672 isamlaid
1541 2631 1606 2672 e'm
1628 2630 1844 2673 cotaucbat

159 2691 255 2734 dm'b
282 2691 574 2734 residentibus
601 2691 638 2733 .i.
663 2690 876 2732 sideribus
901 2690 938 2731 .i.
963 2688 1222 2731 andusleicet
1251 2689 1358 2730 inna
1387 2689 1491 2730 rimi
1520 2689 1557 2731 .i.
1586 2689 1674 2730 illis
1701 2689 1739 2730 .i.
1768 2689 1845 2730 isli

159 2749 348 2793 doibsom
378 2749 585 2805 infechtsa
614 2750 722 2790 inna
752 2749 803 2790 hi
831 2753 989 2804 φιτ-ρίαν
1017 2747 1162 2790 aroldo.
1193 2747 1360 2789 dunnai

243 2859 278 2897 2.
347 2857 390 2896 of
426 2857 537 2895 what
573 2870 702 2908 grows
739 2871 766 2895 a
803 2864 918 2895 terra.
1147 2857 1181 2895 3.
1251 2856 1328 2894 but
1365 2858 1401 2894 it
1437 2857 1472 2895 is
1509 2858 1557 2895 i‘n
1587 2857 1723 2906 primo
1764 2857 1839 2896 die.
1860 2866 1977 2898 11182.

163 2914 198 2951 4.
256 2913 317 2952 i.e.
350 2911 490 2950 round.
604 2913 639 2950 5.
698 2912 759 2950 i.e.
791 2911 934 2949 where.
1050 2912 1084 2949 6.
1143 2911 1273 2949 which
1302 2912 1478 2950 contain.
1857 2911 2039 2942 continued

101 2993 142 3024 45
246 2967 280 3004 1.
338 2966 422 3004 this
440 2967 475 3003 is
493 2966 549 3003 its
567 2965 699 3016 speed.
813 2966 847 3003 3.
906 2966 941 3003 it
960 2965 994 3002 is
1013 2964 1141 3003 about
1159 2965 1281 3003 them.
1396 2966 1430 3003 8.
1490 2978 1586 3003 over
1598 2965 1729 3003 which
1744 2965 1840 3016 they
1858 2976 1883 3009 f,
1902 2976 1971 3008 131,

161 3033 278 3059 cross.
392 3021 427 3058 9.
486 3020 569 3057 this
587 3020 622 3057 is
641 3020 712 3058 the
726 3023 870 3057 extent
885 3020 977 3057 that
989 3019 1124 3068 ylobus
1139 3027 1265 3057 terrae
1284 3019 1318 3056 is
1338 3019 1526 3057 situated.
1643 3019 1703 3058 10.
1753 3020 1788 3057 it
1807 3021 1841 3057 is

161 3075 268 3122 thus,
289 3073 446 3121 indeed,
467 3074 560 3111 that
584 3073 683 3124 they
703 3074 806 3111 raise
830 3073 1070 3111 themselves
1095 3078 1140 3111 to
1165 3074 1276 3111 them
1306 3073 1422 3111 when
1450 3074 1520 3111 the
1548 3073 1708 3124 planets
1736 3074 1839 3111 sink.

161 3129 221 3168 i.e.
254 3129 330 3166 low
359 3133 403 3166 to
430 3127 543 3166 them
571 3140 662 3165 now
691 3140 759 3166 are
787 3128 886 3178 they
914 3127 1009 3165 that
1039 3140 1141 3165 were
1169 3127 1266 3178 high
1295 3131 1339 3164 to
1367 3141 1425 3165 us.

163 3275 174 3295 ι
195 3231 490 3315 Mbhngpptalia
580 3230 595 3250 ¹²
618 3231 692 3263 MS.
709 3230 893 3262 Inerrabili
981 3236 994 3250 ⁰
1018 3230 1092 3262 MS.
1110 3230 1307 3262 moderetur
1395 3230 1411 3250 ‘¹
1434 3230 1509 3263 MS.
1525 3196 1629 3271 qlngf¹
1698 3235 1711 3251 ⁰
1735 3230 1807 3262 MS.
1826 3242 1843 3273 7
