2138 3568
488 195 684 245 Names
717 195 774 245 in
809 196 890 245 the
927 196 1064 246 Book
1098 198 1159 262 of
1181 196 1427 260 Armaqh.
1704 203 1794 247 261

120 334 178 378 sit
205 341 362 378 tecum.
423 342 468 379 et
492 337 556 380 ait
582 343 759 381 sanctus
786 337 1000 380 Patricius
1023 338 1294 395 yrazackam.
1354 351 1638 394 reuersusque
1664 337 1801 381 Daire

121 392 176 435 ad
197 393 375 436 domum
397 409 519 437 suam
541 395 677 438 dixit:
707 395 883 439 Stultus
904 395 1032 438 homo
1053 402 1119 438 est
1140 396 1215 453 qui
1238 395 1346 438 nihil
1372 395 1473 438 boni
1494 395 1608 438 dixit
1629 402 1800 452 praeter

115 451 375 507 yrazacham
396 457 572 495 tantum
600 468 678 510 pro
704 468 839 497 aeneo
866 453 1055 496 mirabili
1082 454 1357 496 metritarum
1386 453 1529 496 trium.
1591 453 1800 511 additque

120 508 270 560 Daire,
305 509 452 553 dicens
490 512 628 554 seruis
666 512 778 554 suis:
828 511 912 561 Ite,
946 517 1164 568 reportate
1205 511 1329 554 nobis
1368 526 1552 554 aeneum
1593 518 1799 554 nostrum.

82 579 100 610 5
119 566 320 610 exierunt
347 574 392 610 et
419 568 624 612 dixerunt
652 569 863 612 Patricio:
894 570 1170 612 Portabimus
1193 584 1389 612 aeneum.
1450 569 1732 612 nihilominus
1754 576 1799 613 et

118 624 194 667 illa
214 625 308 668 uice
330 632 506 669 sanctus
522 627 737 673 Patricius
757 628 886 670 dixit:
913 628 1202 684 matzacham,
1216 634 1403 684 portate3
1434 634 1479 670 et
1500 634 1796 684 portauerunt.

118 682 501 741 Interrogauitque
536 685 675 729 Daire
708 686 842 729 socios
876 701 975 728 suos
1010 686 1180 729 dicens:
1230 685 1334 741 quid
1371 685 1483 727 dixit
1523 685 1799 728 Christianus

117 741 290 797 quando
309 743 584 799 reportastis·
603 747 813 786 aeneum?
861 744 924 786 At
944 744 1009 786 illi
1029 744 1367 800 responderunt:
1394 744 1654 799 yrazacham
1675 743 1799 786 dixit.

118 804 164 841 et
193 799 267 842 ille
297 800 436 844 Daire
462 801 726 858 respondens
755 802 890 844 dixit:
927 802 1205 858 yratzackam
1235 802 1281 843 in
1316 801 1431 851 dato,
1457 802 1718 857 yrazacham
1753 802 1799 843 in

62 865 102 889 10
117 856 264 899 ablato
299 858 402 901 eius.
463 859 688 915 [Nullum]
724 860 891 903 dictum
926 866 1016 902 tam
1053 860 1215 903 bonum
1251 864 1319 902 est
1353 858 1509 915 quamb
1537 859 1798 915 yrazacham

118 914 215 958 illis.
274 917 521 972 portabitur
540 917 604 959 illi
633 933 803 961 rursum
829 933 990 961 aeneus
1017 933 1132 961 suus,
1193 919 1250 961 Et
1279 917 1402 959 uenit
1430 917 1567 960 Daire
1594 917 1800 973 ipsemet⁰

117 972 193 1015 illa
213 973 308 1016 uice
328 980 374 1017 et
393 975 587 1031 portauit
607 991 789 1019 aeneum
810 977 865 1019 ad
887 976 1135 1019 Patricium.

210 1032 422 1076 ...ciuitas
442 1048 553 1090 quae
572 1049 688 1077 nunc
710 1035 841 1078 Ardd
860 1034 1040 1079 Machae
1060 1034 1322 1077 nominatur.

120 1146 174 1190 Μ
211 1090 312 1190 ,isin
352 1091 443 1134 loco
473 1091 519 1134 in
555 1107 640 1149 quo
675 1108 791 1135 nunc
826 1093 962 1136 altare
998 1100 1064 1135 est
1098 1092 1330 1135 sinistralis
1370 1091 1584 1134 aeclessiae
1620 1091 1799 1134 inArdd
1817 1102 1840 1133 f.
1858 1103 1905 1135 722
1921 1103 1940 1133 2

62 1154 101 1185 ¹⁵
171 1162 222 1191 ac
250 1163 296 1191 ω.

211 1207 319 1249 ...ad
339 1208 629 1263 aquilonalem
650 1209 824 1266 plagam
844 1208 997 1252 Airdd
1017 1208 1175 1252 Mache.

208 1264 467 1309 Virum...in
489 1281 641 1323 campo
660 1267 693 1308 I
691 1269 760 1309 nis
780 1267 1107 1310 habitantem...

211 1330 442 1366 ...sanctus
463 1324 872 1367 Patricius...dixit:
902 1324 1131 1368 mudebrod
1151 1324 1417 1367 malefecisti.

207 1380 275 1423 De
296 1396 347 1424 eo
366 1382 482 1439 quod
503 1383 683 1440 angelus
704 1398 805 1426 eum
827 1383 1051 1440 prohibuit
1071 1398 1126 1425 ne
1147 1382 1335 1426 iMachi‘*
1358 1382 1599 1424 moriretur.
1816 1392 1840 1424 f.
1859 1391 1906 1425 7h
1923 1393 1941 1423 1

62 1445 104 1468 ²0
211 1439 371 1482 ...Ideo
420 1441 475 1483 ad
525 1441 837 1485 ArddMachae
887 1441 1040 1493 missit,
1086 1455 1218 1497 quam
1268 1455 1371 1496 prae
1421 1440 1621 1482 omnibus
1672 1439 1798 1481 terris
1816 1452 1841 1483 f.
1857 1453 1904 1484 ea
1920 1452 1938 1483 1

119 1495 419 1541 dilexit...iter
448 1514 622 1555 carpere
652 1499 796 1555 coepit
825 1499 881 1541 ad
909 1499 1112 1543 Machi...

207 1555 445 1599 Reuertere
466 1557 522 1599 ad
543 1557 683 1599 locum
705 1558 822 1600 unde
843 1559 980 1609 uenis,
1002 1558 1082 1599 hoc
1103 1562 1169 1599 est
1190 1556 1377 1599 Sabul...

209 1613 354 1656 Prima
374 1615 542 1671 petitio,
558 1620 610 1658 ut
630 1615 976 1658 inArddMachae
996 1616 1075 1657 fiat
1097 1614 1312 1657 ordinatio
1333 1620 1422 1656 tua.

208 1671 357 1714 Tertia
377 1673 534 1729 petitio
555 1679 607 1715 ut
627 1680 808 1730 nepotes
828 1672 1413 1717 Dicho‘n...misserieordiam
1435 1677 1696 1714 mereantur.
1815 1676 1841 1708 f.
1857 1678 1909 1708 82.
1924 1677 1944 1707 2

62 1739 102 1771 ²5
209 1729 267 1772 Et
286 1730 410 1786 plebs
438 1730 548 1774 Ulod
566 1731 732 1774 dixit...

193 1788 523 1834 >n,sacrificium
542 1789 599 1832 ab
620 1789 820 1846 episcopo
844 1788 1366 1845 Tassach0...acceperatf.

208 1851 254 1888 et
284 1861 311 1888 a
340 1846 431 1889 loco
461 1847 538 1904 qui
570 1847 745 1891 Cloe-her
775 1854 968 1898 uocatur,
995 1848 1050 1890 ab
1082 1847 1248 1889 oriente
1279 1846 1518 1890 Findubrec
1548 1845 1602 1888 de
1635 1845 1798 1901 pecori·
1817 1855 1840 1887 f.
1861 1854 1908 1887 8b
1926 1855 1943 1885 1

121 1902 203 1945 bus
225 1903 377 1947 Gonail
405 1905 558 1948 electio
583 1906 838 1948 clarificauit
862 1906 1007 1948 boues.
1068 1912 1113 1948 et
1135 1905 1346 1956 exierunt,
1368 1905 1453 1947 Dei
1474 1910 1586 1946 nutu
1608 1909 1800 1960 regente,

120 1960 176 2003 ad
196 1961 304 2004 D‘th
323 1962 598 2020 Letkylaisse,
618 1964 693 2006 ubi
715 1964 913 2021 sepultus
934 1972 1000 2006 est
1022 1964 1248 2007 Patricius.

61 2038 104 2070 30
212 2021 487 2063 ...contensio
513 2021 569 2064 ad
597 2022 761 2064 bellum
791 2037 927 2079 usque
957 2022 1218 2079 perueniens
1247 2021 1364 2064 inter
1393 2026 1574 2077 nepotes
1603 2019 1724 2063 Neill
1755 2024 1800 2061 et

122 2077 368 2121 Orientales
389 2094 442 2121 ex
464 2094 551 2122 una
571 2085 749 2136 parte...

212 2136 515 2180 ...Orientales
541 2144 586 2180 et
614 2143 795 2194 nepotes
824 2138 947 2181 Neill
976 2143 1127 2180 contra
1163 2137 1287 2180 Ultug
1314 2136 1472 2179 acriter
1498 2136 1554 2178 ad
1581 2141 1801 2178 certamen

119 2199 310 2237 ruunt...

212 2267 404 2309 ...usque
425 2253 481 2295 ad
501 2253 658 2296 fluium
681 2253 918 2298 Gabcenneh
939 2254 1261 2311 peruenierunt.

62 2327 102 2358 35
212 2310 423 2366 ...pedem
443 2326 573 2368 super
592 2317 762 2368 petram
783 2327 947 2368 ponens
968 2313 1014 2354 in
1034 2312 1169 2355 Scirit
1187 2310 1327 2354 iuxtai
1349 2316 1542 2352 montem
1567 2310 1705 2352 Mis...
1819 2315 1842 2345 f.
1862 2313 1910 2346 8b
1927 2315 1947 2345 2

210 2368 409 2411 Portauit
430 2369 647 2412 Patricius
667 2385 745 2426 per
764 2370 922 2412 Sininn
942 2385 1088 2413 secum
1111 2382 1160 2413 .L.
1182 2370 1332 2412 clocos.
1346 2402 1373 2411 ..
1821 2394 1827 2406 -.

210 2426 424 2470 Patricius
460 2428 584 2470 uenit
620 2428 674 2470 de
710 2443 861 2485 campo
896 2429 1074 2472 Arthicc
1109 2427 1164 2471 ad
1198 2427 1434 2470 Drummut
1474 2426 1619 2482 C'eriyi
1660 2431 1705 2468 et
1744 2424 1801 2467 ad
1819 2426 1843 2457 f.
1860 2426 1909 2458 9⁸·
1927 2425 1944 2455 1

121 2483 320 2527 Nairniu
352 2485 560 2529 Toisciurt
592 2486 672 2542 [et]
703 2486 759 2528 ad
790 2487 938 2530 Ailich
967 2486 1198 2530 Esrachtoe.

184 2542 285 2584 -sed
321 2543 406 2586 fuit
441 2544 510 2585 uir
540 2544 800 2587 missericors
829 2545 946 2601 apud
978 2545 1073 2586 illos
1103 2543 1314 2587 Hercaith
1344 2542 1529 2591 nomine,
1560 2541 1613 2584 de
1643 2555 1802 2598 genere

62 2614 106 2646 40
124 2600 277 2651 Nothi,
300 2607 426 2657 pater
456 2602 705 2645 Feradachi.
766 2602 949 2645 credidit
979 2603 1073 2645 Deo
1102 2601 1290 2652 Patricii,
1313 2606 1358 2643 et
1387 2600 1650 2642 babtitzauit
1677 2599 1802 2641 illum

123 2657 338 2701 Patricius
370 2665 415 2702 et
448 2659 744 2702 Feradachum
778 2659 916 2702 filium
948 2660 1052 2711 eius,
1084 2667 1129 2702 et
1158 2659 1403 2702 immolauit
1434 2658 1572 2699 filium
1604 2657 1801 2699 Patricio.

123 2721 169 2758 et
189 2716 329 2759 exiuit
349 2732 447 2759 cum
469 2718 655 2760 Patricio
676 2718 731 2760 ad
752 2718 986 2776 legendum
1015 2718 1198 2775 triginta
1219 2718 1355 2767 annis,
1376 2722 1421 2759 et
1442 2715 1661 2758 ordinauit
1677 2715 1802 2756 illum

124 2773 170 2815 in
198 2774 304 2817 urbe
333 2776 483 2826 Roma,
503 2781 549 2818 et
577 2775 700 2819 dedit
728 2776 793 2818 illi
820 2791 979 2819 nomen
1006 2791 1168 2818 nouum
1197 2775 1459 2824 Sachellum‚
1479 2780 1524 2816 et
1544 2773 1716 2830 scripsit
1738 2772 1803 2814 illi

126 2831 284 2874 librum
304 2833 569 2890 psalmorum
591 2849 720 2890 quem
742 2834 846 2886 uidi,
868 2841 913 2877 et
933 2834 1127 2891 portauit
1148 2834 1204 2876 ab
1224 2833 1299 2875 illo
1319 2838 1487 2889 partem
1510 2831 1563 2874 de
1585 2829 1804 2887 reliquiis¹¹

64 2902 105 2934 45
126 2889 246 2932 Petri
266 2897 312 2933 et
333 2891 470 2943 Pauli,
493 2892 719 2935 Laurentii
739 2900 786 2935 et
807 2893 979 2936 Stefani
1001 2907 1111 2949 quae
1133 2897 1236 2934 sunt
1258 2891 1303 2932 in
1324 2890 1376 2932 M
1377 2890 1482 2933 achi.

255 3039 270 3055 ⁸
293 3035 367 3068 MS.
386 3035 569 3076 reportasti
1072 3035 1087 3055 ¹³
1109 3035 1182 3067 MS.
1199 3043 1278 3066 cum

256 3083 270 3097 ⁰
293 3078 367 3111 MS.
383 3079 529 3112 insemet
1072 3079 1088 3098 ‘¹
1111 3078 1184 3110 MS.
1201 3078 1333 3109 innichi

256 3125 270 3141 ⁶
292 3121 348 3155 i.e.
370 3122 526 3155 t’Auach
542 3122 622 3163 ‘thy
637 3122 793 3154 Assicus‘
1070 3121 1082 3141 ἴ
1109 3122 1181 3154 MS.
1201 3119 1373 3160 acciperat

256 3170 271 3190 ⁸
294 3165 368 3197 MS.
385 3168 419 3198 et
435 3167 556 3198 contra
570 3167 646 3197 ulta
662 3168 804 3207 nepotes
820 3166 903 3197 neill
1650 3191 1655 3201 ,

257 3207 273 3228 ¹¹
295 3208 359 3250 leg.
378 3210 560 3243 calceum:
585 3209 627 3242 cf.
647 3209 883 3241 Druimcliabh
898 3219 940 3249 aq
958 3209 1072 3249 traiyh
1090 3209 1279 3244 Guilcinde,
1296 3206 1435 3246 Reeves,
1456 3205 1635 3246 Columba,
1653 3207 1717 3239 289

258 3251 266 3271 ¹
294 3251 370 3286 MS.
386 3253 424 3284 in
1030 3251 1045 3271 Β
1067 3250 1220 3291 reliqms,
1240 3251 1376 3291 Gwynn
