2118 3588
95 324 119 356 f.
138 324 182 356 46

99 436 121 469 f.
142 437 190 469 5a

98 614 192 647 f.5b

100 675 188 706 f.5c

102 842 126 872 f.
144 841 193 874 5d

100 1377 123 1409 f.
145 1377 193 1409 Ga

98 1625 123 1656 f.
141 1624 190 1656 6b

97 1799 185 1831 f.4c

99 1861 123 1892 f.
142 1861 190 1892 5a

98 1972 124 2004 f.
142 1972 190 2004 5b

100 2034 124 2065 f.
143 2034 188 2066 50

101 2096 124 2127 f.
142 2094 192 2127 5d

102 2320 125 2352 f.
146 2319 194 2352 62

105 2536 128 2568 f.
146 2537 192 2568 40

103 2592 127 2624 f.
146 2593 193 2624 59.

104 2693 128 2726 f.
148 2692 196 2725 5b

105 2753 131 2785 f.
149 2755 194 2786 50

106 2809 130 2841 f.
148 2808 197 2840 5d

104 2977 127 3010 f.
149 2978 197 3009 6a

317 187 344 229 2
652 179 1025 230 Non-Biblical
1065 179 1260 229 Glosses
1296 178 1405 228 and
1441 176 1662 228 Scholia.

405 321 523 374 Quid
554 337 721 378 speram
755 337 806 364 ex
838 337 927 364 una
957 320 1153 377 qualibet
1182 325 1326 377 parte¹
1362 319 1410 361 a2
1445 318 1644 361 medione
1680 317 1789 359 duos
1825 315 2003 373 quidem

318 395 444 437 pares
474 380 655 422 circulos
686 380 845 422 habere
875 379 1040 436 pariter
1069 379 1197 421 lueet.
1259 378 1306 434 [Ι.
1342 377 1427 432 10.]

407 439 549 480 Immo
571 453 746 481 sensum
768 438 815 480 in
836 438 915 480 hoe
937 437 1112 494 negotio
1135 435 1259 492 quasi
1281 450 1440 478 nauem
1462 450 1559 478 sum
1582 437 1821 490 expertus1.
1881 431 2002 488 [1.9.]

408 497 525 539 Nam
547 512 646 539 cum
669 496 753 553 ipsi
775 497 844 538 me
867 496 920 538 ad
943 496 1084 538 locum
1107 510 1192 550 quo
1214 494 1470 537 tendebam²
1491 492 1783 549 peruexerint.
1848 491 1893 546 [Ι.
1916 490 1974 545 9.]

409 555 571 597 Nullus
587 560 737 597 autem
754 554 1043 611 geometricus
1061 553 1205 595 Deum
1223 553 1267 594 se
1289 552 1441 594 docere
1462 552 1679 608 professus
1701 554 1797 592 est³.
1851 549 1897 604 [Ι.
1917 548 2003 603 11.]
2042 565 2060 598 5

410 614 515 655 Esto
535 613 634 670 plus
655 614 699 655 te
720 628 769 654 ac
793 612 931 654 multo
951 612 1050 668 plus
1071 626 1202 668 quam
1224 611 1277 652 de
1299 611 1395 652 istis
1415 610 1510 652 Deo
1525 609 1700 665 cognito
1714 607 2003 665 gauisurum1.

409 671 551 724 Quid⁸⁵
582 672 699 713 enim
731 671 873 712 adhuc
904 670 944 712 ei
980 668 1268 712 demonstrari
1299 683 1386 710 non
1416 673 1562 724 potest
1593 666 1717 709 uitiis
1748 666 2004 722 inquinatae

321 735 454 786 atque
476 729 706 785 egrotanti,
729 729 832 785 quia
861 728 1009 770 uidere
1038 727 1192 784 nequit
1213 727 1295 768 nisi
1319 741 1435 776 sana,
1456 726 1493 767 si
1514 741 1601 767 non
1622 725 1771 767 credat
1791 723 1938 766 aliter¹
1959 722 2005 765 se

322 803 407 830 non
439 803 532 830 esse
565 787 770 838 uisuram,
802 802 888 828 non
918 787 993 828 dat
1024 790 1220 842 operam²
1250 800 1355 827 suae
1386 784 1577 826 sanitati.
1643 783 1686 838 [1.
1722 783 1810 837 12.]

410 853 455 888 et
476 847 582 888 haec
603 851 669 888 est
691 861 793 888 uere
815 846 1007 901 perfecta
1026 844 1171 887 uirtus
1198 843 1311 885 ratio
1335 842 1595 899 perueniens
1616 841 1670 883 ad
1692 841 1823 883 finem
1844 844 2004 882 suum¹.
2027 855 2068 878 10

342 916 369 947 1.
406 907 470 947 13.

323 905 339 959 [
412 905 513 1019 ΙΡΞε.
534 978 638 1004 uero
660 962 771 1004 uisio
791 961 1043 1003 intellectus
1064 965 1130 1003 est
1158 960 1232 1002 ille
1261 959 1337 1015 qui
1364 958 1411 1000 in
1438 958 1584 1000 anima
1613 963 1679 1000 est
1705 956 1782 1014 qui
1802 955 2007 998 confiditb

323 1036 373 1063 ex
407 1020 722 1076 intelligentia²
752 1025 796 1062 et
828 1035 879 1062 eo
910 1019 1023 1075 quod
1055 1018 1381 1074 intelligiiitur³.

411 1079 499 1121 Sed
526 1079 632 1121 dum
660 1079 706 1120 in
734 1078 814 1120 hoc
842 1092 1016 1133 corpore
1044 1082 1110 1119 est
1139 1077 1297 1127 anima,
1323 1075 1457 1117 etiam
1486 1075 1523 1116 si
1551 1073 1823 1130 plenissime⁴
1844 1072 2007 1123 uideat,

323 1137 402 1179 hoc
423 1142 490 1179 est
511 1136 732 1193 intelligat
754 1136 910 1178 Deum.
971 1140 1120 1178 tamen
1149 1135 1252 1191 quia
1273 1134 1407 1177 etiam
1437 1132 1624 1189 corporis
1645 1147 1796 1174 sensus
1818 1137 2008 1174 utuntur
2030 1151 2066 1181 ¹5

322 1211 450 1252 opere
498 1195 681 1251 proprio,
723 1194 834 1236 nihil
881 1194 1058 1251 quidem
1106 1194 1283 1235 ualente
1329 1191 1382 1234 ad
1424 1191 1684 1234 fallendum⁵
1724 1205 1810 1232 non
1857 1195 2008 1232 tamen

322 1254 431 1295 nihil
461 1253 640 1310 agentec
668 1258 814 1309 potest
844 1252 987 1295 adhuc
1014 1252 1101 1294 dici
1128 1252 1236 1294 fides
1263 1266 1315 1293 ea
1346 1265 1433 1307 qua
1463 1250 1530 1292 his
1561 1248 1793 1299 resistitur,
1821 1253 1867 1290 et
1897 1247 2007 1290 illud

322 1312 473 1368 putius
504 1327 659 1354 uerum
690 1326 783 1353 esse
814 1310 1016 1353 creditur.
1078 1311 1125 1366 [Ι.
1159 1310 1244 1365 Ma]

410 1370 498 1413 Sed
520 1370 732 1426 responde
754 1369 968 1426 quomodo
989 1369 1095 1412 haec
1116 1367 1354 1425 acciperis?
1385 1371 1436 1409 ut
1458 1365 1718 1423 probabilia1
1739 1380 1796 1407 an
1816 1369 1868 1407 ut
1890 1379 2005 1407 uera.

323 1429 369 1484 [Ι.
403 1431 468 1471 15.
2027 1445 2068 1469 πο

409 1429 544 1530 Plelne
572 1492 624 1529 ut
651 1486 922 1544 probabilia;
953 1491 998 1528 et
1026 1485 1072 1528 in
1101 1500 1235 1541 spem,
1264 1484 1379 1541 quod
1411 1483 1640 1526 fatendum
1670 1487 1747 1532 est,
1777 1481 2009 1524 maiorem²

319 1561 497 1588 surrexi.

410 1604 474 1646 .R.
527 1603 658 1656 Quid,
689 1604 727 1645 si
763 1603 807 1645 te
843 1608 1025 1659 repente
1060 1603 1182 1645 saluo
1218 1616 1311 1644 esse
1347 1615 1522 1657 corpore
1559 1599 1722 1642 sentias
1758 1604 1804 1641 et
1839 1598 2008 1655 probes,

319 1668 554 1719 tecumque
585 1677 735 1704 omnes
766 1676 872 1718 quos
907 1661 1053 1717 diligis
1089 1660 1368 1711 concorditer,
1397 1658 1568 1702 liberali
1601 1657 1690 1700 otio
1724 1656 1810 1699 frui
1842 1656 2008 1709 uideas,

411 1786 446 1825 1.
510 1782 547 1825 .i.
577 1782 716 1825 sechid
745 1781 954 1825 όθηναίηπ
1074 1783 1111 1823 2.
1173 1779 1209 1822 ,1.
1240 1779 1295 1821 Ιιό
2027 1801 2068 1833 ²5

411 1844 446 1884 1.
507 1841 726 1896 itarye'nsa
865 1842 901 1882 2.
964 1839 1002 1882 .i.
1024 1839 1089 1881 da
1109 1838 1387 1881 adoosnaime
1532 1839 1569 1879 3.
1632 1836 1668 1879 .i.
1691 1836 1817 1879 intan
1825 1835 2009 1892 forcain

319 1915 453 1943 unam
487 1899 647 1941 lineam
681 1904 720 1941 et
751 1913 884 1940 unam
917 1913 1086 1954 speram
1121 1912 1205 1940 non
1237 1896 1363 1938 docet
1396 1896 1522 1938 deum

411 1961 446 2000 1.
509 1957 545 1999 .i.
578 1957 678 2013 doiy

411 2020 446 2058 1.
507 2016 641 2058 idrna
669 2015 836 2071 ylanad
956 2017 992 2056 2.
1055 2014 1093 2056 .i.
1124 2013 1424 2069 infritkynam

412 2078 447 2117 1.
509 2074 544 2116 .i.
569 2073 822 2117 doimoaisin
845 2073 900 2115 de'
1063 2074 1098 2115 2.
1160 2071 1232 2114 uel
1254 2087 1306 2114 ex
1328 2070 1606 2127 intelligente
1628 2069 1665 2112 .i.
1687 2069 1793 2112 ondt
1812 2068 2010 2124 itarynin
2027 2088 2070 2120 30

322 2136 359 2176 3.
418 2133 483 2189 [in
511 2132 664 2188 marg]
693 2132 798 2174 dede
824 2131 1012 2173 haambi
1035 2129 1333 2187 intelligentia
1361 2144 1414 2171 ex
1442 2134 1648 2170 noscente
1676 2133 1715 2170 et
1735 2126 2009 2183 intelligibili

322 2192 368 2234 re
499 2194 537 2233 4.
599 2191 635 2232 .i.
657 2188 782 2232 meitd
803 2189 1112 2232 αεςεοοήφηοισήιΕ
1232 2191 1268 2230 5.
1330 2187 1396 2243 [in
1418 2187 1570 2244 marg]
1593 2186 1630 2229 .i.
1651 2186 1836 2228 nitartat
1855 2186 2008 2228 sensus

322 2251 435 2294 breio
465 2249 527 2291 im
559 2249 709 2291 arimin

412 2311 447 2350 1.
509 2307 545 2349 .i.
567 2307 675 2349 iuna
695 2306 870 2362 dliyeda
891 2307 1035 2348 antias
1055 2303 1303 2348 rorditsemf
1480 2306 1516 2346 2.
1579 2302 1617 2346 .i.
1638 2302 1677 2345 is
1697 2302 1856 2344 huillia
1868 2301 1921 2344 de
1940 2316 2008 2344 mo

310 2357 520 2482 fszquiu
560 2365 745 2408 doneuch
785 2364 1011 2407 roradissu
1050 2363 1266 2420 aryaibim
1308 2362 1403 2406 ceill
1431 2362 1513 2419 for
1553 2368 1732 2417 etaryna
1773 2360 1881 2404 nach
1915 2366 2009 2403 reta
2027 2381 2068 2413 35

322 2427 367 2468 in
394 2440 435 2468 ec
466 2430 482 2467 t
514 2439 565 2466 sa

409 2528 441 2567 1.
499 2527 560 2565 i.e.
592 2526 697 2564 from
728 2525 931 2564 whatever
959 2525 1087 2576 single
1114 2528 1218 2575 part.

409 2582 442 2619 1.
502 2581 524 2618 Ι
554 2581 657 2619 have
684 2581 845 2618 known.
961 2581 994 2617 2.
1052 2580 1113 2618 i.e.
1147 2578 1252 2631 (the)
1280 2578 1394 2629 place
1422 2582 1466 2616 to
1495 2577 1626 2615 which
1656 2577 1679 2614 I
1708 2590 1791 2614 was
1819 2575 2006 2627 striving.

325 2636 361 2674 3.
418 2635 479 2674 i.e.
512 2635 630 2673 when
658 2635 710 2672 he
737 2634 898 2673 teaches
926 2648 1052 2672 unam
1079 2638 1153 2672 etc.

409 2691 442 2727 1.
500 2690 561 2727 i.e.
593 2689 729 2740 likely.
1153 2722 1155 2724 ,
2025 2706 2069 2738 40

409 2744 443 2783 1.
501 2744 609 2782 after
636 2744 690 2781 its
718 2743 986 2793 purification.

409 2799 442 2836 1.
500 2799 561 2837 i.e.
584 2802 627 2836 to
646 2798 918 2848 contemplate
938 2796 1038 2835 God.
1157 2797 1192 2834 2.
1250 2797 1311 2834 i.e.
1333 2795 1437 2833 from
1458 2794 1552 2832 that
1570 2793 1703 2831 which
1723 2791 2004 2832 understand&

327 2854 359 2891 3.
420 2856 502 2890 two
522 2853 660 2902 things
679 2853 843 2890 whence
862 2853 896 2890 is
915 2851 1180 2900 intelliqencia
1199 2854 1274 2889 etc.
1415 2850 1450 2887 4.
1509 2849 1572 2888 i.e.
1593 2861 1638 2886 as
1658 2847 1778 2885 much
1797 2861 1842 2885 as
1861 2848 1897 2885 it
1916 2846 2008 2886 well

324 2920 409 2945 can.
579 2907 614 2945 5.
673 2907 735 2944 i.e.
766 2907 836 2944 the
863 2919 999 2944 sensus
1027 2909 1178 2944 cannot
1205 2904 1368 2943 deceive
1395 2903 1466 2941 the
1494 2903 1592 2941 soul.

409 2961 442 2999 1.
500 2961 562 2998 i.e.
584 2961 653 2999 the
672 2960 782 2998 diota
801 2961 928 2999 above
948 2960 1079 2998 which
1098 2972 1158 2997 we
1181 2959 1284 2997 have
1303 2957 1525 3008 expressed.
1642 2957 1676 2995 2.
1734 2956 1796 2995 i.e.
1818 2968 1886 3006 my
1904 2955 2007 3006 hope
2024 2966 2066 2999 45

323 3015 358 3052 is
391 3015 461 3052 the
494 3019 653 3065 greater
685 3015 789 3052 from
822 3015 916 3052 that
948 3014 1081 3052 which
1114 3014 1214 3052 thou
1242 3013 1337 3051 hast
1365 3012 1463 3059 said,
1488 3011 1552 3049 for
1584 3011 1608 3048 I
1638 3014 1782 3060 expect
1814 3014 1858 3048 to
1886 3009 2007 3048 know
2051 3021 2055 3027 ·

323 3069 553 3119 something
580 3070 663 3106 this
692 3070 801 3107 time.

387 3143 402 3159 ⁸
425 3138 527 3178 quod,
545 3139 661 3178 Migne
771 3138 786 3158 ¹³
809 3139 1000 3179 conficitur,
1022 3138 1138 3179 Migne
1262 3142 1275 3158 ⁰
1298 3136 1328 3169 si
1343 3135 1433 3168 nihil
1449 3133 1589 3176 quidem
1604 3134 1724 3166 ualent
1739 3133 1784 3166 ad
1798 3132 2004 3173 fallendum,

321 3192 394 3214 non
411 3185 530 3214 tamen
547 3182 635 3214 nihil
652 3182 694 3214 ad
711 3192 782 3214 non
799 3182 1054 3223 ambigendum,
1073 3182 1190 3222 Migne
1304 3180 1319 3200 ‘³
1343 3180 1414 3212 MS.
1435 3176 1516 3212 mcii
1620 3183 1633 3198 ⁰
1657 3178 1730 3211 MS.
1750 3177 2006 3215 assochtmacht,

321 3225 406 3257 with
437 3228 607 3267 punctum
638 3226 758 3258 delens
787 3236 867 3258 over
897 3226 957 3258 the
988 3226 1065 3258 first
1096 3230 1108 3257 t
1227 3224 1238 3245 ἴ
1259 3224 1410 3256 between
1441 3226 1550 3255 αηιῖαε
1581 3221 1652 3254 and
1681 3222 1857 3254 rorditsem
1885 3219 1917 3252 is
1947 3218 2008 3252 the

320 3268 561 3302 abbreviation
577 3269 630 3302 for
646 3269 727 3302 Lat.
743 3269 835 3302 inter
