2138 3568
0 0 44 244 l
504 180 699 229 Glosses
733 197 798 229 on
839 179 1076 230 Priscian
1111 181 1206 246 (St.
1251 181 1406 247 Gall).
1709 188 1802 232 183

208 319 322 363 Cum
344 320 482 376 igitur
508 325 612 361 sunt
639 318 934 369 intransitiua,
956 319 1061 375 quia
1087 334 1174 362 non
1201 326 1383 375 possunt
1404 320 1569 375 obliqui
1590 335 1714 363 casus
1738 322 1804 364 his
1821 331 1860 363 P.
1878 333 1970 366 1891:

0 407 6 430 y
119 377 331 443 adiungi1,
346 378 438 420 loco
459 376 583 420 uerbi
604 376 725 419 subit
746 376 1249 434 participium...ubique
1271 377 1388 420 enim
1410 377 1689 434 participium
1712 379 1802 421 loco
1823 374 1860 416 (¹·
1877 385 1910 416 P·
1930 378 2008 418 553)

121 435 244 478 uerbi
264 435 535 478 intransitiui
557 435 796 491 accipitur2.

0 538 5 552 Ι
207 493 394 536 Diuersa
413 493 530 536 enim
553 493 688 535 uerba
703 492 865 549 absque
881 493 1184 536 coniunctione
1200 493 1437 551 adiungere
1453 509 1539 536 non
1558 500 1757 549 potest⁸³.
1769 529 1796 537 ..

0 554 1 558 ’
67 563 86 594 5
119 550 284 595 Contra
317 557 464 594 autem
503 551 680 593 nomina
713 551 898 600 diuersa,
930 551 967 592 si
1002 551 1058 592 ad
1100 566 1235 593 unum
1277 552 1531 601 referantur,
1567 552 1660 594 sine
1701 568 1800 595 con-

0 604 2 618 '
119 609 342 652 iunctione
363 614 535 666 oportet
555 624 607 651 ea
627 610 827 665 proferre,
847 609 932 651 nisi
952 609 988 651 si
1008 609 1251 651 adiectiuab
1271 610 1624 666 geminentur⁴...

120 667 263 710 Verba
282 682 455 724 quoque
482 673 529 710 et
554 667 803 723 participia⁵
829 667 866 709 si
893 673 1136 723 sequantur
1155 682 1260 718 sese,
1282 673 1415 724 egent
1436 668 1795 711 coniunctione...

119 725 213 768 Nec
244 725 416 776 mirum,
436 725 620 782 propria,
648 740 759 781 quae
790 725 1090 767 insecabilcm⁶
1119 725 1411 767 substantiam
1441 725 1795 770 demonstrant...

118 798 197 826 nec
217 799 302 826 non
324 783 593 840 appellatiua
613 798 724 839 quae
750 783 992 833 secabilem,
1013 783 1056 824 id
1086 789 1152 825 est
1179 783 1425 840 generalem
1455 784 1526 826 uel
1554 785 1796 840 specialem,

63 856 101 879 ιο
116 857 227 898 quae
248 842 388 884 diuidi
408 847 584 898 potest⁷,
599 841 893 883 substantiam
914 841 1142 891 indicant„
1158 876 1165 883 .
1181 857 1268 883 non
1289 857 1415 896 egere
1436 842 1794 885 coniunctione...

118 900 275 956 Itaque
305 915 404 942 cum
436 900 577 942 dicam
609 899 816 956 ‘Puplius
848 899 1067 942 Cornilius
1103 899 1249 955 Scipio
1285 900 1539 949 Africanus,'
1570 916 1654 942 non
1693 916 1798 957 egeo
1817 906 1904 945 (1·Ρ-
1927 905 2004 946 554)

116 958 518 1000 coniunctionibus:
557 972 687 999 unam
716 957 832 1000 enim
863 957 929 999 his
957 957 1099 999 indico
1127 972 1219 999 esse
1248 958 1450 1007 omnibus
1474 958 1796 1002 substantiam⁸.

117 1016 333 1058 Similiter
352 1016 496 1058 ‘homo
517 1022 584 1058 est
604 1016 765 1057 animal
787 1015 1008 1066 rationale,
1030 1016 1222 1066 mortale,
1243 1015 1496 1072 disciplinae
1518 1017 1677 1073 capax,'
1698 1033 1794 1059 cum

118 1089 246 1116 unam
284 1074 578 1117 substantiam
614 1074 809 1130 significo
849 1074 1050 1129 quamuis
1090 1074 1328 1115 multorum
1369 1080 1676 1125 communem&
1712 1091 1796 1117 non

0 1148 2 1150 ’
61 1144 99 1176 15
117 1147 223 1190 egeo
243 1132 633 1181 coniunctionibus,
655 1147 766 1188 quae
794 1131 989 1174 diuersas
1017 1132 1158 1174 solent
1186 1147 1254 1173 res
1281 1132 1567 1189 coniungere:
1598 1133 1796 1176 diuersae

115 1196 264 1233 autem
286 1190 559 1233 substantiae
580 1190 626 1232 in
648 1190 798 1232 eodem
821 1205 912 1232 esse
934 1205 1019 1232 non
1042 1195 1233 1246 possunt.
1355 1190 1615 1233 Accidentia
1633 1197 1796 1241 autem,

116 1264 227 1305 quae
248 1249 542 1291 substantiae⁰
563 1249 648 1290 iam
670 1254 773 1290 ante
794 1248 1043 1304 suppositae
1064 1248 1354 1290 acciduntw...

204 1307 262 1349 Et
282 1307 483 1363 quamuis
503 1307 558 1349 ab
586 1306 835 1348 indicatiuis
863 1306 1120 1348 deriuantur
1148 1306 1292 1348 uerbis
1317 1306 1558 1362 participia,
1579 1313 1797 1363 potestate
1815 1312 1853 1345 P.
1874 1313 1964 1344 1900.

116 1371 263 1407 tamen
294 1370 339 1407 et
370 1365 415 1407 ui
446 1364 775 1421 significationis
805 1379 954 1406 omnes
983 1364 1210 1406 continent
1242 1363 1460 1406 modos¹...
1619 1366 1798 1408 Infinita

58 1443 100 1466 ιο
115 1423 230 1465 enim
259 1423 492 1474 similiter²‚
516 1438 615 1465 cum
645 1422 701 1464 ab
726 1422 964 1464 indicatiuo
994 1427 1243 1472 nascuntur,
1266 1437 1343 1478 pro
1374 1423 1492 1464 omni
1523 1423 1798 1479 accipiuntur

118 1481 314 1524 mod02...
439 1481 578 1524 ...‘eo'
597 1496 832 1537 pronomen
854 1486 898 1522 et
920 1480 1104 1522 uerbum
1126 1486 1171 1522 et
1187 1480 1444 1522 aduerbium
1462 1486 1507 1523 et
1523 1482 1798 1524 coniunctio⁴.

207 1633 242 1672 1.
302 1631 408 1686 quia
418 1629 493 1686 fri
513 1629 674 1672 brethir
692 1630 757 1671 sis
776 1629 897 1683 [over
918 1627 1023 1683 this]
1048 1627 1084 1669 .i.
1107 1627 1362 1682 aicsenoyad
1514 1630 1550 1669 2.
1608 1628 1644 1670 .i.
1667 1629 1800 1672 lutare
1816 1641 1853 1673 P.
1875 1641 1967 1673 189b

119 1688 207 1730 mid
231 1689 460 1730 ros'luiuter
486 1687 709 1730 tribrethir
734 1688 937 1743 inpersan
965 1684 1174 1728 sluindted
1194 1685 1314 1727 tuisic
1334 1685 1522 1726 nominis
1537 1710 1545 1717 ·
1568 1687 1800 1729 rosluinter

117 1746 336 1803 immurgu
367 1745 657 1802 treranqabail
686 1746 733 1787 in
762 1760 924 1801 pei-san
954 1744 1068 1786 his-in
1091 1767 1100 1775 ·
1122 1744 1192 1786 oid
1222 1743 1313 1785 airi
1351 1743 1497 1785 iarum
1530 1744 1683 1786 doberr
1721 1745 1800 1787 ind

59 1818 97 1849 25
118 1804 327 1860 ranyabal
360 1804 412 1846 do
442 1804 606 1847 inchosc
636 1804 756 1846 ceille
786 1803 894 1844 iuna
918 1802 1087 1844 brethre
1115 1801 1263 1844 condib
1290 1801 1442 1843 sinonn
1465 1817 1628 1856 perscm
1658 1802 1724 1845 bes
1754 1803 1798 1844 in

118 1862 345 1918 participio
366 1875 391 1915 7
413 1862 458 1904 in
479 1862 667 1918 obliquis
688 1874 713 1914 7
736 1861 775 1903 is
795 1861 898 1903 ciall
919 1860 1088 1903 bretltre
1109 1860 1294 1902 astoasci
1320 1859 1409 1901 and
1423 1882 1432 1891 ·
1450 1883 1458 1890 ·
1473 1887 1488 1897 υ
1659 1864 1695 1902 3.
1761 1861 1797 1903 .i.

118 1921 217 1963 nech
355 1923 391 1962 4.
452 1921 489 1963 .i.
511 1927 602 1963 mat
622 1935 813 1962 a'nmann
834 1919 1027 1961 adieclztct
1047 1924 1245 1960 emnamr
1266 1918 1353 1959 and
1373 1919 1412 1959 is
1432 1918 1527 1960 e'cen
1546 1920 1799 1962 comacomol

117 1991 303 2034 hisaidib
422 1994 458 2032 5.
510 1990 547 2032 .i.
569 1988 778 2032 dibrethir
796 1990 816 2030 i
836 1988 1111 2045 diranyabail
1127 1988 1322 2030 immalle
1440 1990 1476 2030 6.
1527 1980 1800 2045 nephfodlide

119 2050 156 2092 7.
216 2049 427 2092 acenelcki
556 2051 593 2091 8.
643 2047 778 2104 folad
806 2055 835 2088 τι
849 2047 920 2088 o'in
935 2047 1109 2103 persiae
1241 2049 1279 2088 9.
1338 2046 1477 2088 donab
1497 2046 1632 2089 huilib
1654 2047 1799 2090 doim’b

58 2121 100 2152 30
120 2110 186 2150 10.
246 2107 284 2150 .i.
314 2106 527 2162 istoisiyiu
557 2106 702 2162 afolad
733 2120 874 2161 quam*
895 2104 1136 2146 accidentia

206 2168 242 2208 1.
304 2166 341 2208 .i.
372 2165 524 2207 arberr
553 2164 657 2207 ciall
687 2164 794 2205 iuna
806 2163 906 2205 nale
936 2163 1035 2205 mod
1065 2161 1189 2205 eis-sib
1386 2164 1422 2204 2.
1482 2162 1798 2219 friranyabail
1818 2171 1966 2203 P.190a

119 2226 155 2266 3.
217 2223 368 2266 arberr
387 2223 491 2266 ciall
512 2222 605 2266 cech
625 2221 747 2264 maid
767 2221 940 2277 ainfinit
1057 2224 1095 2263 4,
1157 2220 1194 2262 .i.
1218 2235 1268 2262 eo
1290 2220 1326 2262 .i.
1349 2221 1501 2262 arindi
1520 2221 1539 2261 l
1561 2221 1719 2264 adame

203 2372 235 2409 1.
293 2371 391 2420 quia
409 2382 502 2421 goes
521 2368 622 2406 with
642 2369 712 2406 the
731 2366 830 2405 verb
849 2366 988 2412 below,
1010 2365 1071 2403 i.e.
1093 2362 1302 2412 causality.
1454 2363 1488 2399 2.
1547 2362 1607 2400 i.e.
1631 2361 1799 2401 because
1817 2376 1854 2407 p,
1873 2376 1965 2409 1391,

118 2426 189 2464 the
207 2439 351 2477 person
370 2424 502 2462 which
521 2424 592 2461 the
611 2435 721 2460 cases
739 2422 782 2459 of
800 2435 825 2458 a
844 2433 951 2458 noun
972 2418 1120 2456 denote
1138 2420 1288 2454 cannot
1307 2415 1356 2453 be
1374 2415 1548 2454 denoted
1570 2416 1624 2467 by
1642 2430 1667 2453 a
1687 2416 1796 2464 verb,

57 2490 97 2520 35
118 2480 212 2518 that
239 2493 394 2531 person,
420 2480 614 2523 however,
642 2490 717 2514 can
743 2475 793 2513 be
823 2473 995 2512 denoted
1027 2473 1080 2522 by
1108 2485 1133 2508 a
1160 2470 1383 2521 participle,
1405 2483 1448 2508 so
1476 2470 1569 2507 that
1598 2470 1798 2508 therefore

117 2535 187 2573 the
206 2533 417 2585 participle
436 2533 470 2570 is
489 2536 564 2583 put
590 2538 633 2569 to
658 2530 807 2581 signify
830 2529 899 2566 the
924 2540 1038 2565 sense
1064 2526 1106 2564 of
1135 2525 1204 2562 the
1232 2523 1340 2570 verb,
1363 2524 1456 2561 that
1481 2525 1516 2561 it
1542 2538 1634 2575 may
1655 2526 1703 2562 be
1728 2525 1799 2562 the

117 2602 226 2627 same
259 2601 402 2639 person
431 2587 524 2625 that
552 2587 586 2623 is
614 2586 657 2623 in
685 2584 757 2622 the
792 2582 1000 2634 participle
1033 2580 1114 2618 and
1147 2580 1191 2616 in
1223 2578 1383 2628 oblique
1412 2592 1532 2625 caseS,
1562 2579 1643 2616 and
1672 2580 1707 2616 it
1735 2592 1798 2616 ex-

116 2656 270 2693 presses
290 2642 447 2680 therein
468 2642 536 2678 the
555 2653 669 2678 sense
688 2638 730 2676 of
748 2652 773 2675 a
792 2636 899 2675 verb.
1002 2636 1036 2672 3.
1086 2635 1148 2673 i.e.
1169 2631 1351 2683 anyonef.
1449 2634 1484 2670 4.
1533 2633 1594 2671 i.e.
1617 2633 1650 2669 if
1670 2647 1798 2671 nouns

116 2696 315 2747 adjective
344 2695 394 2734 be
420 2694 595 2733 doubled
624 2694 738 2731 there
765 2706 790 2729 a
818 2690 1079 2740 conjunction
1107 2689 1141 2725 is
1174 2700 1384 2736 necessary
1412 2687 1454 2723 in
1489 2687 1566 2737 (i.e.
1598 2687 1798 2738 between)

56 2764 99 2794 40
117 2751 238 2789 them.
351 2752 385 2789 5.
436 2750 497 2788 i.e.
520 2754 601 2786 two
622 2746 739 2785 verbs
757 2759 802 2784 or
817 2750 897 2783 two
915 2743 1147 2794 participles
1162 2740 1355 2791 together.
1470 2741 1505 2778 6.
1554 2740 1795 2780 indivisible.

119 2806 154 2844 7.
212 2805 266 2843 its
284 2803 520 2854 generality.
687 2802 722 2839 8.
781 2799 851 2837 the
870 2798 1085 2836 substance
1104 2795 1146 2834 of
1165 2808 1240 2833 one
1260 2807 1414 2845 person.
1582 2795 1616 2832 9.
1675 2799 1719 2832 to
1743 2796 1799 2832 all

117 2859 268 2897 human
298 2858 447 2908 beings.
564 2857 622 2894 10.
681 2856 742 2894 i.e.
774 2854 844 2891 the
872 2852 1087 2891 substance
1115 2850 1150 2887 is
1178 2849 1287 2899 prior
1315 2852 1358 2885 to
1388 2848 1456 2885 the
1484 2848 1700 2886 accidents.

203 2914 236 2951 l.
286 2913 346 2952 i.e.
369 2913 439 2950 the
459 2911 648 2960 meaning
667 2909 710 2947 of
727 2908 783 2946 all
803 2908 872 2945 the
892 2905 1029 2944 moods
1048 2905 1082 2942 is
1101 2903 1262 2941 elicited
1281 2902 1385 2939 from
1406 2901 1526 2940 them.
1642 2904 1676 2941 2,
1735 2904 1796 2941 i.e.
1818 2911 1854 2942 P.
1873 2911 1963 2943 1908

118 2972 162 3005 to
180 2967 251 3005 the
269 2965 491 3016 participle.
637 2964 672 3001 3.
731 2962 802 3000 the
822 2961 1010 3010 meaning
1030 2959 1073 2996 of
1091 2970 1211 3007 every
1232 2955 1348 2994 mood
1367 2956 1402 2993 is
1421 2955 1583 2994 elicited
1603 2956 1706 2994 from
1728 2957 1798 2995 the

57 3034 99 3064 45
118 3021 331 3059 infinitive.
444 3020 480 3058 4.
536 3032 578 3056 oo
597 3018 657 3056 i.e.
680 3016 860 3063 because,
881 3028 927 3052 or
946 3014 1046 3051 than
1066 3013 1110 3050 it.

183 3123 199 3138 ⁸
220 3118 283 3158 leg.
302 3119 413 3159 potes.
429 3116 492 3149 but
507 3117 622 3157 potest
639 3115 669 3147 is
685 3113 820 3155 glossed
1015 3110 1030 3129 '³
1053 3109 1127 3142 MS.
1144 3106 1355 3141 adiectatiua
1546 3112 1559 3127 ο
1582 3106 1619 3139 in
1635 3107 1799 3140 eodem-

121 3194 335 3227 substantiae
350 3204 418 3227 om.
436 3193 499 3226 MS
659 3191 675 3211 ¹¹
698 3191 771 3223 MS.
788 3157 925 3222 slanindet
1082 3192 1095 3206 ⁶
1119 3185 1191 3217 MS.
1212 3159 1313 3221 adlit&
1337 3183 1379 3215 cf.
1399 3183 1527 3215 adoasa
1544 3184 1625 3217 Tur.
1645 3186 1697 3223 25,
1715 3187 1798 3217 adas

121 3239 221 3270 Laws
237 3248 258 3269 v
273 3239 337 3271 370
555 3236 566 3256 ¹
587 3236 632 3267 cf.
650 3236 707 3274 Sg.
726 3235 834 3265 121·2

0 3170 11 3215 ξι

0 3275 7 3302 .·

0 3320 5 3342 ι
