2132 3588
98 747 122 779 f.
142 749 209 779 180

94 1853 119 1884 f.
133 1851 203 1883 1Βά

97 1975 122 2007 f.
141 1974 210 2006 18b

94 2019 276 2051 continued

95 2084 117 2117 f.
146 2085 212 2115 18c

95 2709 118 2741 f.
137 2708 206 2740 18b

93 2753 277 2785 continued

95 2871 119 2903 f.
138 2872 204 2903 180

323 191 382 234 12
655 186 1024 237 Non-Biblical
1063 187 1258 236 Glosscs
1294 185 1402 234 ancl
1437 184 1657 234 Scholia.

318 327 485 370 edendo
506 327 713 378 simulari,
735 327 975 383 eademque
996 326 1058 368 ibi
1079 341 1278 368 reuersae
1299 326 1569 382 deponuntu.
1622 325 1717 367 Hoc
1738 324 1858 366 Deus
1879 322 2004 379 aquis

316 386 573 443 glacia-libus
604 386 883 442 temperauit‚
911 400 965 427 ne
1000 385 1202 427 inferiora
1237 384 1517 426 succenderet
1553 384 1769 426 elimenta.
1833 380 2004 423 Dehinc

318 444 498 486 inferius
526 444 694 486 caelum
723 459 809 485 non
838 443 1054 493 uniformi,
1075 443 1151 484 sed
1180 442 1413 499 multiplici
1439 448 1560 484 motu
1583 440 1833 490 solidauit¹²‚
1854 438 2002 481 nonci-

318 517 426 558 pans
447 508 572 544 euma
591 503 917 544 firmamentum
938 507 1116 557 propter
1129 501 1494 543 sustentationem
1511 500 1760 542 inferiorum
1778 511 2001 553 aquarum.

407 561 525 616 [IX]
586 561 653 602 De
682 561 855 602 circulis
883 559 1037 601 mundi
1062 575 1114 602 .u.
1140 558 1318 601 Plinius.
1380 559 1586 614 Quinque
1614 557 1786 600 circulis
1813 555 2003 598 mundus
2041 574 2059 606 5

318 618 543 668 diuiditur,
585 633 768 675 quorum
817 617 1171 660 distinctionibus
1218 617 1433 673 quaedam
1479 622 1626 673 partes
1673 614 1884 671 temperie
1924 628 2004 655 sua

317 677 568 719 incoluntur
603 677 814 733 quaedam
851 676 1112 717 inmanitate
1154 675 1322 732 frigoris
1362 681 1439 716 aut
1479 673 1653 716 calorisb
1693 671 2003 715 inhabitabiles

318 735 688 778 existunt—Tres
709 740 858 777 autem
888 734 1020 776 medii
1048 733 1197 775 circuli
1224 733 1559 789 inaequalitates
1582 740 1826 788 temporum
1848 729 2001 773 distin·

317 799 441 850 gunt,
454 809 554 835 cum
575 793 638 834 sol
660 794 776 834 hunc
796 793 1012 842 solstiti01,
1025 792 1148 833 illum
1171 791 1456 848 aequinoctio,
1472 791 1654 834 tertium
1670 791 1826 832 bruma
1841 794 2001 831 teneat.

407 852 523 907 [XI].
586 852 652 893 De
694 851 842 893 stellis.
905 850 1107 893 Isidorus.
1170 850 1333 892 Stellae
1375 850 1524 891 lumen
1559 865 1585 891 a
1621 849 1708 891 sole
1743 853 2002 898 motuantes,
2024 865 2065 888 10

318 925 416 952 cum
450 910 614 951 mundo
647 909 774 958 uerti,
802 914 853 951 ut
884 914 991 965 pute
1023 908 1067 950 in
1097 923 1183 950 uno
1217 908 1307 950 loco
1335 909 1446 949 fixae
1474 914 1519 950 et
1546 923 1633 949 non
1661 912 1819 957 stante,
1839 905 2003 948 mundo

319 984 456 1025 uagae
493 968 593 1010 ferri
630 968 849 1017 dicuntur,
882 967 1076 1023 exceptis
1113 966 1191 1016 his,
1225 981 1336 1022 quae
1373 966 1586 1022 planetae,
1620 965 1663 1007 id
1698 970 1765 1007 est
1798 969 2003 1015 errantes,

317 1033 551 1068 uocantur:
593 1041 750 1082 easque
781 1025 866 1067 dici
898 1025 1093 1067 aduentu
1130 1024 1270 1073 celari,
1302 1039 1381 1066 nec
1416 1039 1607 1080 unquam
1645 1024 1763 1066 caelo
1793 1022 2003 1073 decidere,

317 1085 458 1141 fulgor
504 1084 734 1141 plenilunii
775 1090 821 1125 et
862 1083 962 1125 solis
1005 1083 1158 1139 probat
1206 1083 1449 1138 diliquium.
1526 1083 1727 1138 quamuis
1775 1081 2003 1123 uideamus

317 1143 529 1200 igniculos
565 1158 617 1184 ex
653 1143 830 1184 aethere
873 1142 1011 1198 lapsos
1051 1141 1216 1197 portari
1252 1142 1409 1191 uentis,
1443 1141 1630 1197 uagique
1667 1141 1814 1182 lumen
1850 1138 2003 1181 sideris
2025 1150 2063 1182 ¹⁵

316 1201 492 1252 imitari,
519 1201 716 1243 trucibus
746 1200 833 1242 cito
865 1199 1178 1241 coorientibus⁰
1209 1200 1365 1241 uentis.
1429 1199 1606 1241 Plinius.
1671 1198 1825 1241 Sidera
1853 1203 2002 1240 autem

316 1259 401 1301 alia
428 1259 654 1301 dicuntur²
681 1259 728 1300 in
756 1259 966 1314 liquorem
988 1258 1120 1299 soluti
1142 1257 1334 1299 humoris
1359 1272 1452 1299 esse
1482 1257 1676 1307 fecunda,
1701 1256 1787 1299 alia
1814 1255 2003 1298 concreti

315 1317 361 1359 in
394 1317 583 1374 pruinas,
616 1322 695 1359 aut
728 1316 866 1358 coacti
898 1316 944 1358 in
978 1317 1115 1366 niues,
1147 1321 1226 1357 aut
1258 1316 1432 1372 glaciati
1465 1315 1509 1356 in
1543 1315 1783 1371 grandines.

406 1376 549 1431 [XII]
732 1375 799 1417 De
851 1390 977 1416 cursu
1032 1375 1318 1430 planetarum.
1401 1373 1579 1415 Plinius.
1659 1374 1784 1416 Inter
1833 1372 2001 1414 caelum

315 1440 538 1491 terrasque
585 1440 754 1490 septem
803 1433 945 1475 sidera
994 1432 1200 1489 pendent,
1244 1432 1374 1474 certis
1424 1432 1611 1474 discreta
1660 1431 1843 1488 spatiis³‚
1890 1445 2002 1487 quae
2021 1449 2064 1473 πο

315 1501 528 1534 uocantur
555 1492 756 1542 errantia,
777 1491 1041 1533 contrarium
1070 1491 1233 1532 mundo
1261 1491 1438 1546 agentia
1465 1505 1652 1540 cursum,
1672 1490 1716 1531 id
1746 1496 1813 1531 est
1841 1490 2002 1540 lenum,

316 1551 390 1592 illo
418 1565 589 1606 semper
616 1550 662 1591 in
687 1550 842 1591 dextra
862 1549 1100 1605 praecipiti.
1165 1549 1222 1590 Et
1244 1551 1444 1604 quamuis
1472 1548 1646 1590 assidua
1673 1548 2002 1590 conuersatione

315 1609 536 1651 inmensae
577 1608 814 1650 celeritatis
858 1608 1118 1649 attollantur
1164 1607 1219 1648 ab
1267 1621 1404 1662 eoque
1451 1606 1678 1662 rapiantur
1725 1606 1770 1647 in
1815 1607 2002 1657 occasus,

315 1667 496 1709 aduerso
524 1673 671 1708 tamen
700 1666 762 1707 ire
789 1671 911 1707 motu
940 1681 1017 1722 per
1037 1680 1136 1707 suos
1156 1679 1354 1721 quaeque
1383 1679 1535 1720 passus
1562 1664 1864 1714 aduertuntur‚
1886 1679 2002 1706 nunc

316 1726 522 1776 imferius,
536 1739 652 1766 nunc
665 1724 864 1780 superius
880 1730 1058 1780 propter
1070 1723 1375 1779 obliquitatem
1389 1723 1585 1779 signiferi
1599 1722 1816 1779 uagantia.
1852 1722 2002 1764 Radiis
2022 1740 2062 1771 '²5

316 1789 465 1826 autem
487 1783 588 1825 solis
608 1782 873 1839 praepedita,
889 1782 1087 1823 anomala
1108 1782 1179 1823 uel
1200 1780 1474 1837 retrogradad
1491 1781 1560 1823 uel
1582 1781 1858 1823 stationaria*¹
1877 1781 2000 1823 fiunt.

405 1842 572 1897 [XHIJ.
650 1841 717 1883 De
768 1841 917 1882 ordine
971 1855 1130 1882 earum.
1208 1840 1440 1882 Summum
1494 1840 1768 1896 planetarum
1822 1839 2003 1882 Saturni

407 1949 472 1989 11.
525 1946 561 1988 .i.
573 1945 755 2002 focicbat
769 1945 805 1987 .i.
821 1945 989 1986 caelum
1109 1947 1173 1987 12.
1225 1946 1287 1986 ise‘
1299 1943 1531 2000 multiplex
1549 1949 1694 1985 motus
1707 1943 1875 1986 inriuth
1888 1949 2004 1986 retae

315 2006 423 2047 inna
444 2004 753 2047 airndretlzclia
775 2004 820 2045 in
841 2002 1106 2045 contrarium
1127 2008 1278 2045 contra
1299 2003 1343 2044 se
1366 2015 1391 2055 7
1414 2002 1585 2044 arrium
1607 2003 1774 2044 aioneta
1782 2002 1959 2058 fedesin

407 2066 443 2105 1.
504 2063 542 2105 .i.
553 2063 625 2119 fot
649 2063 712 2104 lai
732 2062 820 2104 and
966 2063 1001 2103 2.
1063 2061 1221 2116 isyncid
1243 2061 1368 2103 bro‘en
1391 2073 1416 2113 7
1429 2060 1724 2116 fliuchaidatu
1745 2060 2003 2103 ocaturcbdil
2021 2071 2064 2102 30

317 2135 341 2176 7
366 2122 581 2178 liafuined
749 2122 784 2162 3.
848 2119 885 2162 .i.
909 2120 973 2174 [in
995 2120 1147 2175 marg]
1170 2120 1258 2161 hite'
1276 2119 1418 2175 spatia
1439 2133 1590 2161 nari-ee
1601 2118 1659 2174 fil
1679 2119 1707 2160 a
1728 2124 1844 2160 terra
1864 2133 2000 2175 usque

316 2180 370 2222 ad
402 2180 504 2222 XII,
534 2179 659 2236 signa
689 2178 777 2221 hite'
804 2178 928 2220 soni.
951 2177 1074 2219 toni.
1097 2178 1293 2220 comlana
1323 2178 1373 2220 ri.
1402 2177 1490 2219 hite'
1518 2176 1751 2218 interualla
1779 2177 2001 2233 immurgu

315 2237 580 2280 deferentiae
616 2250 641 2290 7
678 2237 864 2292 nitiayat
897 2236 1044 2277 saidai
1078 2235 1171 2278 sech
1200 2236 1371 2277 satuirn
1406 2250 1508 2277 suas
1540 2240 1589 2276 ut
1620 2235 1781 2291 plinius
1811 2234 1919 2277 dicit
1950 2235 2000 2278 ri.

316 2297 505 2338 Plinius:
546 2302 674 2337 tonus
705 2301 771 2337 est
802 2294 995 2350 spatium
1026 2308 1123 2335 cuni
1151 2293 1348 2350 legitima
1375 2292 1626 2350 quantitate
1656 2293 1719 2348 [in
1746 2307 1878 2350 marg.
1907 2292 1998 2348 infi]

316 2356 446 2397 certis
474 2354 627 2410 spatiis
649 2353 684 2395 .i.
708 2359 838 2394 tonus
865 2352 980 2394 inter
1008 2357 1168 2393 terram
1197 2357 1242 2393 et
1271 2352 1419 2393 lunam
1441 2353 1490 2393 ri.
1513 2352 1645 2394 ise'cen
1671 2351 1863 2394 corrobat
1881 2351 2001 2394 indib
2021 2359 2060 2390 35

316 2428 390 2455 sex
418 2412 648 2455 interualla
669 2411 783 2453 .VII.
805 2410 948 2466 spatia
976 2423 1001 2464 7
1028 2410 1141 2452 .VII.
1162 2409 1278 2451 tonie
1305 2410 1351 2452 rl.
1375 2410 1471 2466 lege
1499 2409 1685 2465 plinium
1707 2433 1716 2441 ·
1862 2411 1900 2451 4.
1962 2408 2000 2452 .i.

315 2473 423 2514 silas
451 2471 553 2513 ca'ch
573 2467 769 2512 div-iuchf
789 2469 850 2524 [in
876 2483 1005 2523 marg.
1029 2468 1120 2524 infi]
1145 2468 1399 2510 stationaria
1419 2468 1465 2509 in
1489 2467 1782 2523 superioribus
1803 2467 1841 2510 .i.
1862 2467 2002 2510 isnaib

315 2529 493 2572 rendaib
503 2529 600 2585 fail
620 2528 733 2570 haas
751 2528 877 2583 yre'in
898 2527 934 2569 .i.
954 2541 1068 2568 mars
1090 2526 1200 2568 iouis
1222 2531 1427 2568 saturnus
1448 2527 1496 2567 ri.
1516 2526 1583 2567 IN
1604 2525 1780 2567 tricetro
1801 2525 1846 2567 id
1868 2530 1934 2567 est
1956 2525 2000 2567 in

315 2589 448 2630 tertia
470 2594 593 2644 parte
615 2585 811 2643 signiferi
832 2585 877 2626 in
899 2585 1111 2641 quadrato
1132 2584 1177 2626 id
1199 2591 1265 2626 est
1286 2584 1331 2626 in
1353 2590 1511 2640 quarta
1535 2589 1658 2639 parte
1679 2583 1726 2625 in
1747 2583 1930 2626 aduerso
1949 2584 2002 2627 ΓΙ.

402 2691 460 2728 11.
519 2690 580 2728 i.e.
612 2689 711 2740 they
739 2689 863 2727 leave.
1072 2689 1130 2726 12.
1190 2688 1272 2725 this
1301 2688 1335 2725 is
1364 2687 1571 2737 multiplex
1597 2693 1736 2735 motus,
1765 2686 1834 2724 the
1862 2699 2002 2725 course
2019 2701 2064 2733 40

315 2744 448 2782 which
481 2744 552 2781 the
584 2744 888 2782 constellations
922 2755 999 2780 run
1032 2742 1079 2780 in
1111 2742 1360 2780 contrarium
1399 2748 1539 2779 contra
1575 2755 1624 2787 se,
1655 2741 1737 2779 and
1770 2740 1879 2779 their
1910 2753 2002 2779 own

317 2798 482 2836 natural
512 2811 661 2836 course.

401 2853 432 2891 1.
492 2853 552 2891 i.e.
584 2865 609 2889 a
637 2851 747 2902 day’s
775 2850 917 2901 length
947 2851 1070 2888 there.
1226 2852 1259 2889 2.
1320 2850 1435 2887 usual
1464 2850 1499 2887 is
1528 2849 1617 2887 rain
1645 2848 1727 2887 and
1755 2852 1929 2887 wetness
1955 2852 2002 2887 at

316 2906 425 2944 their
445 2907 570 2956 rising
589 2905 670 2943 and
690 2906 790 2943 with
810 2905 919 2942 their
937 2905 1101 2955 setting.
1281 2905 1316 2944 3.
1374 2905 1435 2942 i.e.
1458 2904 1571 2941 these
1590 2916 1658 2941 are
1677 2904 1748 2941 the
1765 2903 1908 2953 spatia,
1931 2903 2002 2942 the

316 2973 452 3011 spaces
478 2960 610 2997 which
638 2973 707 2997 are
732 2973 758 2997 a
783 2965 891 2997 berra
916 2972 1040 3008 usque
1066 2962 1140 2997 etc.
1199 2958 1327 2996 These
1355 2971 1423 2995 are
1451 2958 1552 3006 soni,
1577 2958 1672 3005 toni,
1698 2957 1894 3007 complete
1922 2961 1998 2997 etc.
2018 2971 2060 3003 45

316 3015 454 3061 These,
469 3015 664 3061 however,
679 3026 747 3051 are
762 3013 984 3051 interualla
1003 3012 1260 3062 differentiae,
1277 3012 1358 3049 and
1378 3012 1490 3050 these
1505 3025 1555 3062 go
1569 3016 1643 3049 not
1658 3011 1712 3062 up
1727 3015 1819 3061 past
1834 3011 1998 3059 Saturn,

315 3076 360 3107 ut
387 3069 554 3107 Plinius
579 3072 653 3106 etc.
713 3068 757 3105 It
780 3067 814 3105 is
833 3079 1043 3117 necessary
1065 3067 1157 3104 that
1183 3067 1297 3104 there
1322 3065 1372 3104 be
1397 3066 1440 3103 in
1466 3066 1578 3104 them
1604 3079 1670 3104 sex
1687 3065 1904 3103 interualla
1921 3069 1998 3104 ete.

317 3124 352 3162 4.
410 3123 470 3161 i.e.
494 3136 548 3173 up
569 3122 747 3172 straight
766 3125 856 3168 etc.,
877 3121 939 3160 i.e.
962 3121 1005 3158 in
1026 3121 1096 3158 the
1114 3121 1275 3171 planets
1294 3120 1388 3158 that
1406 3133 1475 3158 are
1494 3121 1622 3158 above
1641 3120 1711 3157 the
1729 3132 1818 3157 sun.

381 3252 395 3268 ³
418 3246 482 3286 leg.
499 3245 587 3277 illud
674 3243 690 3263 ¹³
713 3244 787 3276 MS.
805 3218 931 3276 chloris
1019 3249 1031 3263 ⁰
1056 3244 1130 3276 MS.
1147 3242 1340 3275 orientibus
1414 3241 1430 3261 ¹¹
1454 3241 1526 3274 MS.
1544 3240 1727 3281 retrogada
1791 3244 1806 3260 ⁶
1829 3239 1901 3272 MS.
1922 3237 2000 3270 soni

317 3290 328 3310 ¹
348 3290 411 3322 but
427 3290 509 3322 each
524 3289 672 3321 iidiruch
687 3288 774 3320 Ber.
796 3288 851 3320 19ο
